@book{harper2016,
  address = {{New York, NY, USA}},
  title = {Practical {{Foundations}} for {{Programming Languages}}},
  edition = {2nd},
  isbn = {978-1-107-15030-0},
  publisher = {{Cambridge University Press}},
  year = {2016},
  author = {Harper, Robert},
  doi = {10.1017/CBO9781316576892},
}