% Encoding: UTF-8

@Article{mccarthy_recursive_1960,
  author  = {McCarthy, John},
  title   = {Recursive functions symbolic expressions and their computation by machine, {Part} {I}},
  journal = {Communications of the ACM},
  year    = {1960},
  volume  = {3},
  number  = {4},
  pages   = {184--195},
  month   = apr,
  issn    = {00010782},
  doi     = {10/fvx5pv},
  url     = {http://dl.acm.org/citation.cfm?id=367177.367199},
}

@Article{landin_mechanical_1964,
  author  = {Landin, P. J.},
  title   = {The {Mechanical} {Evaluation} of {Expressions}},
  journal = {The Computer Journal},
  year    = {1964},
  volume  = {6},
  number  = {4},
  pages   = {308--320},
  issn    = {0010-4620},
  doi     = {10/gf8t6w},
  url     = {http://comjnl.oxfordjournals.org/content/6/4/308.short},
}

@Article{dijkstra_solution_1965,
  author  = {Dijkstra, E. W.},
  title   = {Solution of a problem in concurrent programming control},
  journal = {Communications of the ACM},
  year    = {1965},
  volume  = {8},
  number  = {9},
  pages   = {569},
  month   = sep,
  issn    = {00010782},
  doi     = {10/dzgm7v},
  url     = {http://dl.acm.org/citation.cfm?id=365559.365617},
}

@Article{landin_next_1966,
  author  = {Landin, P. J.},
  title   = {The next 700 programming languages},
  journal = {Communications of the ACM},
  year    = {1966},
  volume  = {9},
  number  = {3},
  pages   = {157--166},
  month   = mar,
  issn    = {00010782},
  doi     = {10/d5kpqv},
  url     = {http://dl.acm.org/citation.cfm?id=365230.365257},
}

@Article{perlis_synthesis_1967,
  author  = {Perlis, Alan J.},
  title   = {The {Synthesis} of {Algorithmic} {Systems}},
  journal = {Journal of the ACM},
  year    = {1967},
  volume  = {14},
  number  = {1},
  pages   = {1--9},
  month   = jan,
  issn    = {00045411},
  doi     = {10/dqv8t5},
  url     = {http://portal.acm.org/citation.cfm?doid=321371.321372},
}

@Article{wilkes_computers_1968,
  author  = {Wilkes, Maurice V. and V., Maurice},
  title   = {Computers {Then} and {Now}},
  journal = {Journal of the ACM},
  year    = {1968},
  volume  = {15},
  number  = {1},
  pages   = {1--7},
  month   = jan,
  issn    = {00045411},
  doi     = {10/bfz7jq},
  url     = {http://portal.acm.org/citation.cfm?doid=321439.321440},
}

@Article{dijkstra_letters_1968,
  author  = {Dijkstra, Edsger W.},
  title   = {Letters to the editor: go to statement considered harmful},
  journal = {Communications of the ACM},
  year    = {1968},
  volume  = {11},
  number  = {3},
  pages   = {147--148},
  month   = mar,
  issn    = {00010782},
  doi     = {10/bdr6tk},
  url     = {http://dl.acm.org/citation.cfm?id=362929.362947},
}

@Article{dijkstra_structure_1968,
  author  = {Dijkstra, Edsger W.},
  title   = {The {Structure} of the {\textquotedblleft}{THE}{\textquotedblright}-multiprogramming {System}},
  journal = {Communications of the ACM},
  year    = {1968},
  volume  = {11},
  number  = {5},
  pages   = {341--346},
  month   = may,
  issn    = {0001-0782},
  doi     = {10/dx87gw},
  url     = {http://doi.acm.org/10.1145/363095.363143},
}

@Article{hamming_one_1969,
  author  = {Hamming, R. W.},
  title   = {One {Man}'s {View} of {Computer} {Science}},
  journal = {Journal of the ACM},
  year    = {1969},
  volume  = {16},
  number  = {1},
  pages   = {3--12},
  month   = jan,
  issn    = {0004-5411},
  doi     = {10/b6zn26},
  url     = {http://doi.acm.org/10.1145/321495.321497},
}

@Article{hoare_axiomatic_1969,
  author  = {Hoare, C. A. R.},
  title   = {An {Axiomatic} {Basis} for {Computer} {Programming}},
  journal = {Communications of the ACM},
  year    = {1969},
  volume  = {12},
  number  = {10},
  pages   = {576--580},
  month   = oct,
  issn    = {0001-0782},
  doi     = {10/b2q64c},
  url     = {http://doi.acm.org/10.1145/363235.363259},
}

@Article{hansen_nucleus_1970,
  author  = {Hansen, Per Brinch},
  title   = {The nucleus of a multiprogramming system},
  journal = {Communications of the ACM},
  year    = {1970},
  volume  = {13},
  number  = {4},
  pages   = {238--241},
  month   = apr,
  issn    = {00010782},
  doi     = {10/b2dfqq},
  url     = {http://portal.acm.org/citation.cfm?doid=362258.362278},
}

@Article{minsky_form_1970,
  author  = {Minsky, Marvin},
  title   = {Form and {Content} in {Computer} {Science} (1970 {ACM} {Turing} {Lecture})},
  journal = {Journal of the ACM},
  year    = {1970},
  volume  = {17},
  number  = {2},
  pages   = {197--215},
  month   = apr,
  issn    = {0004-5411},
  doi     = {10/b99wpp},
  url     = {http://doi.acm.org/10.1145/321574.321575},
}

@Article{wilkinson_comments_1971,
  author  = {Wilkinson, J. H.},
  title   = {Some {Comments} from a {Numerical} {Analyst}},
  journal = {Journal of the ACM},
  year    = {1971},
  volume  = {18},
  number  = {2},
  pages   = {137--147},
  month   = apr,
  issn    = {0004-5411},
  doi     = {10/fc544g},
  url     = {http://doi.acm.org/10.1145/321637.321638},
}

@Article{parnas_information_1971,
  author  = {Parnas, D L},
  title   = {Information {Distribution} {Aspects} of {Design} {Methodology}},
  journal = {Methods},
  year    = {1971},
  volume  = {4},
  number  = {5},
  pages   = {6--7},
  doi     = {10/gf8t6x},
  url     = {https://kilthub.cmu.edu/articles/Information_distribution_aspects_of_design_methodology/6606470},
}

@Article{dijkstra_humble_1972,
  author  = {Dijkstra, Edsger W.},
  title   = {The humble programmer},
  journal = {Communications of the ACM},
  year    = {1972},
  volume  = {15},
  number  = {10},
  pages   = {859--866},
  month   = oct,
  issn    = {00010782},
  doi     = {10/cd6wmt},
  pmid    = {12070150},
  url     = {http://portal.acm.org/citation.cfm?doid=355604.361591},
}

@Article{parnas_criteria_1972,
  author  = {Parnas, D. L.},
  title   = {On the criteria to be used in decomposing systems into modules},
  journal = {Communications of the ACM},
  year    = {1972},
  volume  = {15},
  number  = {12},
  pages   = {1053--1058},
  month   = dec,
  issn    = {00010782},
  doi     = {10/cvqpf2},
  url     = {http://dl.acm.org/citation.cfm?id=361598.361623},
}

@Article{hoare_proof_1972,
  author  = {Hoare, C. A. R.},
  title   = {Proof of correctness of data representations},
  journal = {Acta Informatica},
  year    = {1972},
  volume  = {1},
  number  = {4},
  pages   = {271--281},
  issn    = {0001-5903},
  doi     = {10/cgspc8},
  url     = {http://link.springer.com/10.1007/BF00289507},
}

@InProceedings{liskov_design_1972,
  author    = {Liskov, B. H.},
  title     = {A {Design} {Methodology} for {Reliable} {Software} {Systems}},
  booktitle = {Proceedings of the {December} 5-7, 1972, {Fall} {Joint} {Computer} {Conference}, {Part} {I}},
  year      = {1972},
  series    = {{AFIPS} '72 ({Fall}, part {I})},
  pages     = {191--199},
  address   = {New York, NY, USA},
  publisher = {ACM},
  doi       = {10/bm388n},
  url       = {http://doi.acm.org/10.1145/1479992.1480018},
}

@Article{morris_protection_1973,
  author  = {Morris, James H.},
  title   = {Protection in programming languages},
  journal = {Communications of the ACM},
  year    = {1973},
  volume  = {16},
  number  = {1},
  pages   = {15--21},
  month   = jan,
  issn    = {00010782},
  doi     = {10/d3tvzp},
  url     = {http://portal.acm.org/citation.cfm?doid=361932.361937},
}

@Article{kildall_unified_1973,
  author  = {Kildall, Gary a.},
  title   = {A unified approach to global program optimization},
  journal = {Proceedings of the 1\textsuperscript{st} annual ACM SIGACT-SIGPLAN symposium on Principles of programming languages - POPL '73},
  year    = {1973},
  pages   = {194--206},
  month   = oct,
  doi     = {10/d7xvz4},
  url     = {http://portal.acm.org/citation.cfm?doid=512927.512945},
}

@Article{bachman_programmer_1973,
  author  = {Bachman, Charles W.},
  title   = {The {Programmer} {As} {Navigator}},
  journal = {Communications of the ACM},
  year    = {1973},
  volume  = {16},
  number  = {11},
  pages   = {653--658},
  month   = nov,
  issn    = {0001-0782},
  doi     = {10/c2n2r3},
  url     = {http://doi.acm.org/10.1145/355611.362534},
}

@InProceedings{reynolds_towards_1974,
  author    = {Reynolds, John C.},
  title     = {Towards a {Theory} of {Type} {Structure}},
  booktitle = {Programming {Symposium}, {Proceedings} {Colloque} {Sur} {La} {Programmation}},
  year      = {1974},
  pages     = {408--423},
  address   = {Berlin, Heidelberg},
  month     = apr,
  publisher = {Springer-Verlag},
  isbn      = {978-3-540-06859-4},
  url       = {http://dl.acm.org/citation.cfm?id=647323.721503},
}

@Article{ritchie_unix_1974,
  author  = {Ritchie, Dm Dennis M. and Thompson, Ken},
  title   = {The {UNIX} time-sharing system},
  journal = {Communications of the ACM},
  year    = {1974},
  volume  = {17},
  number  = {7},
  pages   = {365--375},
  month   = jul,
  issn    = {00010782},
  doi     = {10/d9z5t2},
}

@Article{lamport_new_1974,
  author  = {Lamport, Leslie},
  title   = {A new solution of {Dijkstra}'s concurrent programming problem},
  journal = {Communications of the ACM},
  year    = {1974},
  volume  = {17},
  number  = {8},
  pages   = {453--455},
  month   = aug,
  issn    = {00010782},
  doi     = {10/dbx5sg},
  url     = {http://dl.acm.org/citation.cfm?id=361082.361093},
}

@Article{dijkstra_self-stabilizing_1974,
  author  = {Dijkstra, Edsger W.},
  title   = {Self-stabilizing systems in spite of distributed control},
  journal = {Communications of the ACM},
  year    = {1974},
  volume  = {17},
  number  = {11},
  pages   = {643--644},
  month   = nov,
  issn    = {00010782},
  doi     = {10/dmhbpv},
  url     = {http://dl.acm.org/citation.cfm?id=361179.361202},
}

@Article{knuth_computer_1974,
  author  = {Knuth, Donald E.},
  title   = {Computer programming as an art},
  journal = {Communications of the ACM},
  year    = {1974},
  volume  = {17},
  number  = {12},
  pages   = {667--673},
  month   = dec,
  issn    = {00010782},
  doi     = {10/fhrtw3},
  url     = {http://portal.acm.org/citation.cfm?doid=361604.361612},
}

@Article{liskov_programming_1974,
  author  = {Liskov, Barbara and Zilles, Stephen},
  title   = {Programming with abstract data types},
  journal = {Proceedings of the ACM SIGPLAN symposium on Very high level languages},
  year    = {1974},
  volume  = {9},
  number  = {4},
  pages   = {50--59},
  issn    = {03621340},
  doi     = {10/df8rh9},
  url     = {http://portal.acm.org/citation.cfm?doid=800233.807045},
}

@Article{dijkstra_guarded_1975,
  author  = {Dijkstra, Edsger W.},
  title   = {Guarded commands, nondeterminacy and formal derivation of programs},
  journal = {Communications of the ACM},
  year    = {1975},
  volume  = {18},
  number  = {8},
  pages   = {453--457},
  month   = aug,
  issn    = {00010782},
  doi     = {10/c95nfd},
  url     = {http://dl.acm.org/citation.cfm?id=360933.360975},
}

@Article{plotkin_call-by-name_1975,
  author  = {Plotkin, G.D.},
  title   = {Call-by-name, call-by-value and the $\lambda$-calculus},
  journal = {Theoretical Computer Science},
  year    = {1975},
  volume  = {1},
  number  = {2},
  pages   = {125--159},
  issn    = {03043975},
  doi     = {10/d24k9b},
}

@Article{metcalfe_ethernet:_1976,
  author  = {Metcalfe, Robert M. and Boggs, David R. and Mogul, J. C. and Kent, C. A.},
  title   = {Ethernet: distributed packet switching for local computer networks},
  journal = {Communications of the ACM},
  year    = {1976},
  volume  = {19},
  number  = {7},
  pages   = {395--404},
  month   = jul,
  issn    = {00010782},
  doi     = {10/cwnwpz},
  url     = {http://portal.acm.org/citation.cfm?doid=205447.205460},
}

@Book{dijkstra_discipline_1976,
  title     = {A {Discipline} of {Programming}},
  publisher = {Prentice-Hall},
  year      = {1976},
  author    = {Dijkstra, Edsger W.},
  address   = {Englewood Cliffs, NJ},
  isbn      = {978-0-13-215871-8},
}

@Article{cousot_abstract_1977,
  author  = {Cousot, Patrick and Cousot, Radhia},
  title   = {Abstract interpretation: {A} unified lattice model for static analysis of programs by construction or approximation of fixpoints},
  journal = {Proceedings of the 4\textsuperscript{th} ACM SIGACT-SIGPLAN symposium on Principles of programming languages - POPL '77},
  year    = {1977},
  pages   = {238--252},
  month   = jan,
  doi     = {10/dns428},
  url     = {http://dl.acm.org/citation.cfm?id=512950.512973},
}

@InProceedings{steele_debunking_1977,
  author    = {Steele, Guy Lewis},
  title     = {Debunking the {\textquotedblleft}expensive procedure call{\textquotedblright} myth or, procedure call implementations considered harmful or, {LAMBDA}},
  booktitle = {Proceedings of the 1977 annual conference on - {ACM} '77},
  year      = {1977},
  pages     = {153--162},
  address   = {New York, New York, USA},
  month     = jan,
  publisher = {ACM},
  doi       = {10/fk5w3v},
  isbn      = {978-1-4503-2308-6},
  url       = {http://dl.acm.org/citation.cfm?id=800179.810196},
}

@Article{plotkin_lcf_1977,
  author  = {Plotkin, G.D.},
  title   = {{LCF} considered as a programming language},
  journal = {Theoretical Computer Science},
  year    = {1977},
  volume  = {5},
  number  = {3},
  pages   = {223--255},
  issn    = {03043975},
  doi     = {10/dc7fdn},
  url     = {http://www.sciencedirect.com/science/article/pii/0304397577900445},
}

@Article{rivest_method_1978,
  author  = {Rivest, R. L. and Shamir, A. and Adleman, L.},
  title   = {A method for obtaining digital signatures and public-key cryptosystems},
  journal = {Communications of the ACM},
  year    = {1978},
  volume  = {21},
  number  = {2},
  pages   = {120--126},
  month   = feb,
  issn    = {00010782},
  doi     = {10/fkhmsc},
  url     = {http://dl.acm.org/citation.cfm?id=359340.359342},
}

@Article{backus_can_1978,
  author  = {Backus, John},
  title   = {Can programming be liberated from the von {Neumann} style?: a functional style and its algebra of programs},
  journal = {Communications of the ACM},
  year    = {1978},
  volume  = {21},
  number  = {8},
  pages   = {613--641},
  month   = aug,
  issn    = {00010782},
  doi     = {10/d99zw5},
  url     = {http://dl.acm.org/citation.cfm?id=359576.359579},
}

@Article{hoare_communicating_1978,
  author  = {Hoare, C. A. R.},
  title   = {Communicating sequential processes},
  journal = {Communications of the ACM},
  year    = {1978},
  volume  = {21},
  number  = {8},
  pages   = {666--677},
  month   = aug,
  issn    = {00010782},
  doi     = {10/bzzqxx},
  pmid    = {2142694823583477500},
  url     = {http://dl.acm.org/citation.cfm?id=359576.359585},
}

@Article{mccarthy_history_1978,
  author  = {McCarthy, John},
  title   = {History of {LISP}},
  journal = {ACM SIGPLAN Notices},
  year    = {1978},
  volume  = {13},
  number  = {8},
  pages   = {217--223},
  month   = aug,
  issn    = {03621340},
  doi     = {10/fjx96q},
  url     = {http://dl.acm.org/citation.cfm?id=960118.808387},
}

@Article{dijkstra_--fly_1978,
  author  = {Dijkstra, Edsger W. and Lamport, Leslie and Martin, A. J. and Scholten, C. S. and Steffens, E. F. M.},
  title   = {On-the-fly garbage collection: an exercise in cooperation},
  journal = {Communications of the ACM},
  year    = {1978},
  volume  = {21},
  number  = {11},
  pages   = {966--975},
  month   = nov,
  issn    = {00010782},
  doi     = {10/d6z6mr},
  url     = {http://dl.acm.org/citation.cfm?id=359642.359655},
}

@Article{milner_theory_1978,
  author  = {Milner, Robin},
  title   = {A theory of type polymorphism in programming},
  journal = {Journal of Computer and System Sciences},
  year    = {1978},
  volume  = {17},
  number  = {3},
  pages   = {348--375},
  month   = dec,
  issn    = {0022-0000},
  doi     = {10/dq93f7},
  url     = {http://www.sciencedirect.com/science/article/pii/0022000078900144},
}

@Article{lamport_time_1978,
  author  = {Lamport, Leslie},
  title   = {Time, {Clocks}, and the {Ordering} of {Events} in a {Distributed} {System}},
  journal = {Communications of the ACM},
  year    = {1978},
  volume  = {21},
  number  = {7},
  pages   = {558--565},
  issn    = {00010782},
  doi     = {10/bw842g},
  pmid    = {10802651},
  url     = {http://citeseerx.ist.psu.edu/viewdoc/summary?doi=10.1.1.142.3682},
}

@article{mccarthy_micro-manual_1978,
	title = {A micro-manual for {LISP}-not the whole truth},
	volume = {13},
	issn = {0362-1340},
	url = {http://portal.acm.org/citation.cfm?id=808386},
	doi = {10/cp44w6},
	number = {8},
	journal = {ACM SIGPLAN Notices},
	author = {McCarthy, J.},
	year = {1978},
	pages = {215--216}
}

@Article{howard1980formulae,
  author  = {Howard, William A},
  title   = {The formulae-as-types notion of construction},
  journal = {To HB Curry: essays on combinatory logic, lambda calculus and formalism},
  year    = {1980},
  volume  = {44},
  pages   = {479--490},
}

@InProceedings{ritchie_evolution_1980,
  author    = {Ritchie, Dennis},
  title     = {The {Evolution} of the {Unix} {Time}-{Sharing} {System}},
  booktitle = {Proceedings of a {Symposium} on {Language} {Design} and {Programming} {Methodology}},
  year      = {1980},
  pages     = {25--36},
  address   = {London, UK, UK},
  publisher = {Springer-Verlag},
  isbn      = {978-3-540-09745-7},
  url       = {http://dl.acm.org/citation.cfm?id=645679.664095},
}

@Article{hoare_emperors_1981,
  author  = {Hoare, Charles Antony Richard},
  title   = {The {Emperor}'s {Old} {Clothes}},
  journal = {Communications of the ACM},
  year    = {1981},
  volume  = {24},
  number  = {2},
  pages   = {75--83},
  month   = feb,
  issn    = {0001-0782},
  doi     = {10/bn75xq},
  url     = {http://doi.acm.org/10.1145/358549.358561},
}

@Book{gries_science_1981,
  title     = {The {Science} of {Programming}},
  publisher = {Springer New York},
  year      = {1981},
  author    = {Gries, David},
  address   = {New York, NY},
  isbn      = {978-1-4612-5983-1},
  url       = {https://doi.org/10.1007/978-1-4612-5983-1},
}

@Article{plotkin_structural_1981,
  author  = {Plotkin, Gordon D.},
  title   = {A structural approach to operational semantics},
  journal = {Journal of Logic and Algebraic Programming},
  year    = {1981},
  volume  = {60-61},
  number  = {SUPPL.},
  pages   = {17--139},
  issn    = {15678326},
  doi     = {10/fwvs67},
}

@Book{reynolds_craft_1981,
  title     = {The {Craft} of {Programming}},
  publisher = {Prentice/Hall International},
  year      = {1981},
  author    = {Reynolds, John C},
  address   = {Englewood Cliffs, N.J.},
  isbn      = {0-13-188862-5},
  url       = {http://books.google.com/books?id=RXSGAAAAIAAJ},
}

@InProceedings{damas_principal_1982,
  author    = {Damas, Luis and Milner, Robin},
  title     = {Principal type-schemes for functional programs},
  booktitle = {Proceedings of the 9\textsuperscript{th} {ACM} {SIGPLAN}-{SIGACT} symposium on {Principles} of programming languages - {POPL} '82},
  year      = {1982},
  pages     = {207--212},
  address   = {New York, New York, USA},
  month     = jan,
  publisher = {ACM},
  doi       = {10/bcnvwk},
  isbn      = {0-89791-065-6},
  url       = {http://portal.acm.org/citation.cfm?doid=582153.582176},
}

@Article{lamport_byzantine_1982,
  author  = {Lamport, Leslie and Shostak, Robert and Pease, Marshall},
  title   = {The {Byzantine} {Generals} {Problem}},
  journal = {ACM Transactions on Programming Languages and Systems},
  year    = {1982},
  volume  = {4},
  number  = {3},
  pages   = {382--401},
  month   = jul,
  issn    = {01640925},
  doi     = {10/fj7rt7},
  url     = {http://dl.acm.org/citation.cfm?id=357172.357176},
}

@Article{lampson_hints_1983,
  author  = {Lampson, Butler W. and W., Butler and {Lampson} and W., Butler},
  title   = {Hints for computer system design},
  journal = {IEEE Software},
  year    = {1983},
  volume  = {17},
  number  = {5},
  pages   = {33--48},
  month   = dec,
  issn    = {07407459},
  doi     = {10/cs7gnv},
  url     = {http://dl.acm.org/citation.cfm?id=773379.806614},
}

@Article{codd_relational_1983,
  author  = {Codd, E. F.},
  title   = {A relational model of data for large shared data banks},
  journal = {Communications of the ACM},
  year    = {1983},
  volume  = {26},
  number  = {1},
  pages   = {64--69},
  issn    = {00010782},
  doi     = {10/fnhf76},
  pmid    = {9617087},
  url     = {http://dx.doi.org/10.1145/357980.358007},
}

@InProceedings{reynolds1983types,
  author    = {Reynolds, John C},
  title     = {Types, {Abstraction} and {Parametric} {Polymorphism}.},
  booktitle = {Information {Processing} 83, {Proceedings} of the {IFIP} 9\textsuperscript{th} {World} {Computer} {Congres}},
  year      = {1983},
  volume    = {9},
  pages     = {513--523},
  url       = {https://ci.nii.ac.jp/naid/80002260716/en/},
}

@Article{birrell_implementing_1984,
  author  = {Birrell, Andrew D. and Nelson, Bruce Jay},
  title   = {Implementing remote procedure calls},
  journal = {ACM Transactions on Computer Systems},
  year    = {1984},
  volume  = {2},
  number  = {1},
  pages   = {39--59},
  month   = feb,
  issn    = {07342071},
  doi     = {10/b3km4f},
  url     = {http://dl.acm.org/citation.cfm?id=2080.357392},
}

@Article{thompson_reflections_1984,
  author  = {Thompson, Ken},
  title   = {Reflections on trusting trust},
  journal = {Communications of the ACM},
  year    = {1984},
  volume  = {27},
  number  = {8},
  pages   = {761--763},
  month   = aug,
  issn    = {00010782},
  doi     = {10/c87ws2},
  url     = {http://dl.acm.org/citation.cfm?id=358198.358210},
}

@Article{martin-lof_constructive_1984,
  author  = {Martin-Lof, P. and Lozinski, Z. A. and Atiyah, Michael Francis and Hoare, Cecil Arthur and Shepherdson, J. C.},
  title   = {Constructive mathematics and computer programming},
  journal = {Philosophical Transactions of the Royal Society of London. Series A, Mathematical and Physical Sciences},
  year    = {1984},
  volume  = {312},
  number  = {1522},
  pages   = {501--518},
  month   = oct,
  doi     = {10/fqh399},
  url     = {https://royalsocietypublishing.org/doi/abs/10.1098/rsta.1984.0073},
}

@Article{saltzer_end--end_1984,
  author  = {Saltzer, J. H. and Reed, D. P. and Clark, D. D.},
  title   = {End-to-end arguments in system design},
  journal = {ACM Transactions on Computer Systems},
  year    = {1984},
  volume  = {2},
  number  = {4},
  pages   = {277--288},
  month   = nov,
  issn    = {07342071},
  doi     = {10/bns95p},
  pmid    = {20503399},
  url     = {http://dl.acm.org/citation.cfm?id=357401.357402},
}

@Article{ritchie_unix_1984,
  author  = {Ritchie, D. M.},
  title   = {The {UNIX} {System}: {A} {Stream} {Input}-{Output} {System}},
  journal = {AT\&T Bell Laboratories Technical Journal},
  year    = {1984},
  volume  = {63},
  number  = {8},
  pages   = {1897--1910},
  issn    = {15387305},
  doi     = {10/gf8t6z},
}

@Article{veldman_review:_1984,
  author     = {Veldman, Wim},
  title      = {Review: {Per} {Martin}-{L{\"{o}}f}. {An} intuitionistic theory of types: predicative part.},
  journal    = {The Journal of Symbolic Logic},
  year       = {1984},
  volume     = {49},
  number     = {1},
  pages      = {311--313},
  issn       = {0022-4812, 1943-5886},
  doi        = {10/d563jc},
  shorttitle = {Per {Martin}-{L{\"{o}}f}. {An} intuitionistic theory of types},
  url        = {https://www.cambridge.org/core/journals/journal-of-symbolic-logic/article/per-martinlof-an-intuitionistic-theory-of-types-predicative-part-logic-colloquium-73-proceedings-of-the-logic-colloquium-bristol-july-1973-edited-by-h-e-rose-and-j-c-shepherdson-studies-in-logic-and-the-foundations-of-mathematics-vol-80-northholland-publishing-company-amsterdam-and-oxford-and-american-elsevier-publishing-company-new-york-1975-pp-73118/F30B8AFBF9244940B198DB565EBB0954},
}

@Article{donahue_data_1985,
  author  = {Donahue, James and Demers, Alan},
  title   = {Data {Types} {Are} {Values}},
  journal = {ACM Transactions on Programming Languages and Systems},
  year    = {1985},
  volume  = {7},
  number  = {3},
  pages   = {426--445},
  month   = jul,
  issn    = {0164-0925},
  doi     = {10/d653dz},
  url     = {http://doi.acm.org/10.1145/3916.3987},
}

@Article{halstead_multilisp:_1985,
  author  = {Halstead, Robert H.},
  title   = {{MULTILISP}: a language for concurrent symbolic computation},
  journal = {ACM Transactions on Programming Languages and Systems},
  year    = {1985},
  volume  = {7},
  number  = {4},
  pages   = {501--538},
  month   = oct,
  issn    = {01640925},
  doi     = {10/fcxmn7},
  url     = {http://portal.acm.org/citation.cfm?doid=4472.4478},
}

@Article{lamport_solved_1985,
  author  = {Lamport, Leslie},
  title   = {Solved problems, unsolved problems and non-problems in concurrency},
  journal = {ACM SIGOPS Operating Systems Review},
  year    = {1985},
  volume  = {19},
  number  = {4},
  pages   = {34--44},
  month   = oct,
  issn    = {01635980},
  doi     = {10/fqc283},
  url     = {http://dl.acm.org/citation.cfm?id=858336.858339},
}

@Article{parnas_software_1985,
  author  = {Parnas, David Lorge},
  title   = {Software aspects of strategic defense systems},
  journal = {ACM SIGSOFT Software Engineering Notes},
  year    = {1985},
  volume  = {10},
  number  = {5},
  pages   = {15--23},
  month   = oct,
  issn    = {01635948},
  doi     = {10/cg893b},
  url     = {http://dl.acm.org/citation.cfm?id=382288.382289},
}

@Article{luca_cardelli_understanding_1985,
  author  = {Luca Cardelli, Peter Wegner and Cardelli, Luca and Wegner, Peter},
  title   = {On understanding types, data abstraction, and polymorphism},
  journal = {ACM Computing Surveys},
  year    = {1985},
  volume  = {17},
  number  = {4},
  pages   = {471--523},
  issn    = {03600300},
  doi     = {10/ds5gd5},
  pmid    = {17997772},
  url     = {http://citeseer.ist.psu.edu/viewdoc/summary?doi=10.1.1.117.695},
}

@Article{john_c._knight_experimental_1986,
  author  = {John C. Knight, Nancy G. Leveson and Knight, John C. and Leveson, Nancy G.},
  title   = {An experimental evaluation of the assumption of independence in multiversion programming},
  journal = {IEEE Transactions on Software Engineering},
  year    = {1986},
  volume  = {SE-12},
  number  = {1},
  pages   = {96--109},
  month   = jan,
  issn    = {0098-5589},
  doi     = {10/gdwtgm},
  url     = {http://dl.acm.org/citation.cfm?id=10677.10688},
}

@Article{macqueen_using_1986,
  author  = {MacQueen, David B.},
  title   = {Using dependent types to express modular structure},
  journal = {Proceedings of the 13\textsuperscript{th} ACM SIGACT-SIGPLAN symposium on Principles of programming languages - POPL '86},
  year    = {1986},
  pages   = {277--286},
  month   = jan,
  doi     = {10/cmff2v},
  url     = {http://dl.acm.org/citation.cfm?id=512644.512670},
}

@Article{brooks_no_1986,
  author  = {Brooks, Frederick P. and Brooks, Frederick Phillips Jr.},
  title   = {No silver bullet-essence and accidents of software engineering},
  journal = {Proceedings of the IFIP Tenth World Computing Conference},
  year    = {1986},
  volume  = {20},
  number  = {4},
  pages   = {1069--1076},
  month   = apr,
  issn    = {00189162},
  doi     = {10/c6bhhx},
  pmid    = {8804735756196452000},
  url     = {http://www.cgl.ucsf.edu/Outreach/pc204/NoSilverBullet},
}

@Article{bentley_programming_1987,
  author  = {Bentley, Jon and Floyd, Bob},
  title   = {Programming {Pearls}: {A} {Sample} of {Brilliance}},
  journal = {Communications of the ACM},
  year    = {1987},
  volume  = {30},
  number  = {9},
  pages   = {754--757},
  month   = sep,
  issn    = {00010782},
  doi     = {10/bxq8xp},
  url     = {http://portal.acm.org/citation.cfm?doid=30401.315746},
}

@Article{mccarthy_generality_1987,
  author  = {McCarthy, John},
  title   = {Generality in {Artificial} {Intelligence}},
  journal = {Communications of the ACM},
  year    = {1987},
  volume  = {30},
  number  = {12},
  pages   = {1030--1035},
  month   = dec,
  issn    = {0001-0782},
  doi     = {10/c2pdjb},
  url     = {http://doi.acm.org/10.1145/33447.33448},
}

@Article{coquand_calculus_1988,
  author  = {Coquand, Thierry and Huet, G{\'{e}}rard},
  title   = {The calculus of constructions},
  journal = {Information and Computation},
  year    = {1988},
  volume  = {76},
  number  = {2},
  pages   = {95--120},
  month   = feb,
  issn    = {0890-5401},
  doi     = {10/cfvb26},
  url     = {http://www.sciencedirect.com/science/article/pii/0890540188900053},
}

@Article{clark_design_1988,
  author  = {Clark, David D},
  title   = {The design philosophy of the {DARPA} internet protocols},
  journal = {ACM SIGCOMM Computer Communication Review},
  year    = {1988},
  volume  = {18},
  number  = {4},
  pages   = {106--114},
  month   = aug,
  issn    = {01464833},
  doi     = {10/bw24hs},
  url     = {http://portal.acm.org/citation.cfm?doid=52325.52336},
}

@Article{cardelli_semantics_1988,
  author  = {Cardelli, Luca},
  title   = {A semantics of multiple inheritance},
  journal = {Information and Computation},
  year    = {1988},
  volume  = {76},
  pages   = {138--164},
  issn    = {08905401},
  doi     = {10/dcgfxk},
}

@Article{jacobson_congestion_1988,
  author  = {Jacobson, V.},
  title   = {Congestion avoidance and control},
  journal = {ACM SIGCOMM Computer Communication Review},
  year    = {1988},
  volume  = {18},
  number  = {4},
  pages   = {314--329},
  issn    = {01464833},
  doi     = {10/dvz5hs},
  pmid    = {25246403},
  url     = {http://portal.acm.org/citation.cfm?doid=52324.52356},
}

@Article{mitchell_abstract_1988,
  author  = {Mitchell, John C. and Plotkin, Gordon D.},
  title   = {Abstract types have existential type},
  journal = {ACM Transactions on Programming Languages and Systems},
  year    = {1988},
  volume  = {10},
  number  = {3},
  pages   = {470--502},
  issn    = {01640925},
  doi     = {10/dq3x96},
}

@Article{hughes_why_1989,
  author  = {Hughes, John and {J.}},
  title   = {Why {Functional} {Programming} {Matters}},
  journal = {The Computer Journal},
  year    = {1989},
  volume  = {32},
  number  = {2},
  pages   = {98--107},
  month   = feb,
  issn    = {0010-4620},
  doi     = {10/chxq9t},
  url     = {http://comjnl.oxfordjournals.org/content/32/2/98.short},
}

@InProceedings{moggi_computational_1989,
  author    = {Moggi, Eugenio},
  title     = {Computational {Lambda}-calculus and {Monads}},
  booktitle = {Proceedings of the {Fourth} {Annual} {Symposium} on {Logic} in {Computer} {Science}},
  year      = {1989},
  pages     = {14--23},
  address   = {Piscataway, NJ, USA},
  month     = jun,
  publisher = {IEEE Press},
  isbn      = {978-0-8186-1954-0},
  url       = {http://dl.acm.org/citation.cfm?id=77350.77353},
}

@InProceedings{wadler_theorems_1989,
  author    = {Wadler, Philip},
  title     = {Theorems for free!},
  booktitle = {Proceedings of the fourth international conference on {Functional} programming languages and computer architecture - {FPCA} '89},
  year      = {1989},
  pages     = {347--359},
  address   = {New York, NY, USA},
  month     = nov,
  publisher = {ACM},
  doi       = {10/bczqmk},
  isbn      = {0-89791-328-0},
  url       = {http://dl.acm.org/citation.cfm?id=99370.99404},
}

@InProceedings{demers_analysis_1989,
  author    = {Demers, A. and Keshav, S. and Shenker, S.},
  title     = {Analysis and {Simulation} of a {Fair} {Queueing} {Algorithm}},
  booktitle = {Symposium {Proceedings} on {Communications} {Architectures} \& {Protocols}},
  year      = {1989},
  volume    = {19},
  series    = {{SIGCOMM} '89},
  pages     = {1--12},
  address   = {New York, NY, USA},
  publisher = {ACM},
  doi       = {10/czn7bq},
  isbn      = {978-0-89791-332-4},
  url       = {http://doi.acm.org/10.1145/75246.75248},
}

@Book{girard_proofs_1989,
  title     = {Proofs and {Types}},
  publisher = {Cambridge University Press},
  year      = {1989},
  author    = {Girard, Jean-Yves and Taylor, Paul and Lafont, Yves},
  volume    = {7},
  address   = {New York, NY, USA},
  isbn      = {978-0-521-37181-0},
}

@Article{herlihy_linearizability:_1990,
  author  = {Herlihy, Maurice P. and Wing, Jeannette M.},
  title   = {Linearizability: a correctness condition for concurrent objects},
  journal = {ACM Transactions on Programming Languages and Systems},
  year    = {1990},
  volume  = {12},
  number  = {3},
  pages   = {463--492},
  month   = jul,
  issn    = {01640925},
  doi     = {10/bgnwxw},
  url     = {http://dl.acm.org/citation.cfm?id=78969.78972},
}

@Article{appel_runtime_1990,
  author  = {Appel, Andrew W.},
  title   = {A runtime system},
  journal = {LISP and Symbolic Computation},
  year    = {1990},
  volume  = {3},
  number  = {4},
  pages   = {343--380},
  month   = nov,
  issn    = {1573-0557},
  doi     = {10/fkwwtv},
  url     = {https://doi.org/10.1007/BF01807697},
}

@Article{harper_higher-order_1990,
  author  = {Harper, Robert and Mitchell, John C and Moggi, Eugenio},
  title   = {Higher-order modules and the phase distinction},
  journal = {Proceedings of the 17\textsuperscript{th} ACM SIGPLAN-SIGACT symposium on Principles of programming languages - POPL '90},
  year    = {1990},
  pages   = {341--354},
  issn    = {07308566},
  doi     = {10/btm3zk},
  url     = {http://portal.acm.org/citation.cfm?doid=96709.96744},
}

@InProceedings{knuth_genesis_1990,
  author    = {Knuth, Donald E.},
  title     = {The genesis of attribute grammars},
  booktitle = {Attribute {Grammars} and their {Applications}},
  year      = {1990},
  editor    = {Deransart, P. and Jourdan, M.},
  series    = {Lecture {Notes} in {Computer} {Science}},
  pages     = {1--12},
  publisher = {Springer Berlin Heidelberg},
  doi       = {10/d9srp9},
  isbn      = {978-3-540-46666-6},
}

@Article{Herlihy1991,
  author  = {Herlihy, Maurice},
  title   = {Wait-free synchronization},
  journal = {ACM Transactions on Programming Languages and Systems},
  year    = {1991},
  volume  = {13},
  number  = {1},
  pages   = {124--149},
  month   = jan,
  issn    = {01640925},
  doi     = {10/bkzn89},
  url     = {http://dl.acm.org/citation.cfm?id=114005.102808},
}

@Article{goldberg_what_1991,
  author  = {Goldberg, David},
  title   = {What {Every} {Computer} {Scientist} {Should} {Know} {About} {Floating}-{Point} {Arithmetic}},
  journal = {ACM Computing Surveys},
  year    = {1991},
  volume  = {23},
  number  = {1},
  pages   = {5--48},
  month   = mar,
  issn    = {03600300},
  doi     = {10/ctk2mw},
  url     = {http://dl.acm.org/citation.cfm?id=103162.103163},
}

@Article{ekert_quantum_1991,
  author  = {Ekert, Artur K.},
  title   = {Quantum cryptography based on {Bell}'s theorem},
  journal = {Physical Review Letters},
  year    = {1991},
  volume  = {67},
  number  = {6},
  pages   = {661--663},
  month   = aug,
  doi     = {10/fp96c4},
  url     = {https://link.aps.org/doi/10.1103/PhysRevLett.67.661},
}

@Article{cytron_efficiently_1991,
  author  = {Cytron, Ron and Ferrante, Jeanne and Rosen, Barry K. and Wegman, Mark N. and Zadeck, F. Kenneth},
  title   = {Efficiently computing static single assignment form and the control dependence graph},
  journal = {ACM Transactions on Programming Languages and Systems},
  year    = {1991},
  volume  = {13},
  number  = {4},
  pages   = {451--490},
  month   = oct,
  issn    = {01640925},
  doi     = {10/b54g6c},
  url     = {http://dl.acm.org/citation.cfm?id=115372.115320},
}

@Article{felleisen_expressive_1991,
  author  = {Felleisen, Matthias},
  title   = {On the expressive power of programming languages},
  journal = {Science of Computer Programming},
  year    = {1991},
  volume  = {17},
  number  = {1},
  pages   = {35--75},
  month   = dec,
  issn    = {0167-6423},
  doi     = {10/b4g4v9},
  url     = {http://www.sciencedirect.com/science/article/pii/016764239190036W},
}

@Article{wilson_uniprocessor_1992,
  author  = {Wilson, Paul R.},
  title   = {Uniprocessor garbage collection techniques},
  journal = {Memory Management},
  year    = {1992},
  volume  = {1},
  pages   = {1--42},
  month   = sep,
  issn    = {1098-6596},
  doi     = {10/cjq3j7},
  pmid    = {25246403},
  url     = {http://dl.acm.org/citation.cfm?id=645648.664824},
}

@Article{danvy_representing_1992,
  author     = {Danvy, Oliver and Filinski, Andrzex},
  title      = {Representing {Control}: a {Study} of the {CPS} {Transformation}},
  journal    = {Mathematical Structures in Computer Science},
  year       = {1992},
  volume     = {2},
  number     = {4},
  pages      = {361--391},
  month      = dec,
  issn       = {1469-8072, 0960-1295},
  doi        = {10/bjn6gq},
  shorttitle = {Representing {Control}},
  url        = {https://www.cambridge.org/core/journals/mathematical-structures-in-computer-science/article/representing-control-a-study-of-the-cps-transformation/37193FD94F87443338FC7F519783FF0A#},
}

@InProceedings{danvy_back_1992,
  author    = {Danvy, Olivier},
  title     = {Back to direct style},
  booktitle = {{ESOP} '92},
  year      = {1992},
  series    = {Lecture {Notes} in {Computer} {Science}},
  pages     = {130--150},
  publisher = {Springer, Berlin, Heidelberg},
  doi       = {10.1007/3-540-55253-7_8},
  isbn      = {978-3-540-46803-5},
  url       = {http://link.springer.com/10.1007/3-540-55253-7_8},
}

@Article{garlan_introduction_1993,
  author  = {Garlan, David and Shaw, Mary},
  title   = {An {Introduction} to {Software} {Architecture}},
  journal = {Advances in Software Engineering and Knowledge Engineering},
  year    = {1993},
  volume  = {1},
  number  = {January},
  pages   = {1--40},
  month   = jan,
  doi     = {10/fnprcv},
}

@Article{bennett_teleporting_1993,
  author  = {Bennett, Charles H. and Brassard, Gilles and Cr{\'{e}}peau, Claude and Jozsa, Richard and Peres, Asher and Wootters, William K.},
  title   = {Teleporting an unknown quantum state via dual classical and {Einstein}-{Podolsky}-{Rosen} channels},
  journal = {Physical Review Letters},
  year    = {1993},
  volume  = {70},
  number  = {13},
  pages   = {1895--1899},
  month   = mar,
  doi     = {10/bzc9sx},
  url     = {https://link.aps.org/doi/10.1103/PhysRevLett.70.1895},
}

@Article{ritchie_development_1993,
  author  = {Ritchie, Dennis M.},
  title   = {The {Development} of the {C} {Language}},
  journal = {The Second ACM SIGPLAN Conference on History of Programming Languages},
  year    = {1993},
  volume  = {28},
  number  = {3},
  pages   = {201--208},
  month   = apr,
  issn    = {0362-1340},
  doi     = {10/dfvm7v},
  url     = {http://doi.acm.org/10.1145/154766.155580%5Cnhttp://dl.acm.org/citation.cfm?doid=155360.155580},
}

@Article{herlihy_transactional_1993,
  author  = {Herlihy, Maurice and Moss, J. Eliot B. and Eliot, J. and Moss, B.},
  title   = {Transactional {Memory}: {Architectural} {Support} {For} {Lock}-free {Data} {Structures}},
  journal = {Proceedings of the 20\textsuperscript{th} Annual International Symposium on Computer Architecture},
  year    = {1993},
  volume  = {21},
  number  = {2},
  pages   = {289--300},
  month   = may,
  issn    = {0163-5964},
  doi     = {10/b4g9qx},
  url     = {http://dl.acm.org/citation.cfm?id=173682.165164},
}

@InProceedings{yao_quantum_1993,
  author    = {Yao, A. Chi-Chih},
  title     = {Quantum circuit complexity},
  booktitle = {Proceedings of 1993 {IEEE} 34\textsuperscript{th} {Annual} {Foundations} of {Computer} {Science}},
  year      = {1993},
  pages     = {352--361},
  month     = nov,
  publisher = {IEEE},
  doi       = {10/fhxjbz},
}

@Article{ball_branch_1993,
  author  = {Ball, Thomas and Larus, James R.},
  title   = {Branch prediction for free},
  journal = {Proceedings of the ACM SIGPLAN 1993 conference on Programming language design and implementation - PLDI '93},
  year    = {1993},
  volume  = {28},
  number  = {6},
  pages   = {300--313},
  issn    = {03621340},
  doi     = {10/djchd8},
  url     = {http://portal.acm.org/citation.cfm?doid=155090.155119},
}

@InProceedings{peyton_jones_imperative_1993,
  author    = {Peyton Jones, Simon L. and Wadler, Philip},
  title     = {Imperative {Functional} {Programming}},
  booktitle = {Proceedings of the 20\textsuperscript{th} {ACM} {SIGPLAN}-{SIGACT} {Symposium} on {Principles} of {Programming} {Languages}},
  year      = {1993},
  series    = {{POPL} '93},
  pages     = {71--84},
  address   = {New York, NY, USA},
  publisher = {ACM},
  doi       = {10/c9hsh9},
  isbn      = {978-0-89791-560-1},
  url       = {http://doi.acm.org/10.1145/158511.158524},
}

@InProceedings{reppy_concurrent_1993,
  author     = {Reppy, John H.},
  title      = {Concurrent {ML}: {Design}, {Application} and {Semantics}},
  booktitle  = {Functional {Programming}, {Concurrency}, {Simulation} and {Automated} {Reasoning}: {International} {Lecture} {Series} 1991-1992, {McMaster} {University}, {Hamilton}, {Ontario}, {Canada}},
  year       = {1993},
  series     = {Lecture {Notes} in {Computer} {Science}},
  pages      = {165--198},
  address    = {London, UK, UK},
  publisher  = {Springer-Verlag},
  doi        = {10.1007/3-540-56883-2_10},
  isbn       = {978-3-540-56883-4},
  shorttitle = {Concurrent {ML}},
  url        = {https://doi.org/10.1007/3-540-56883-2_10},
}

@Article{ball_optimally_1994,
  author  = {Ball, Thomas and Larus, James R.},
  title   = {Optimally profiling and tracing programs},
  journal = {ACM Transactions on Programming Languages and Systems},
  year    = {1994},
  volume  = {16},
  number  = {4},
  pages   = {1319--1360},
  month   = jul,
  issn    = {01640925},
  doi     = {10/b4fcwv},
  url     = {http://portal.acm.org/citation.cfm?doid=183432.183527},
}

@TechReport{kendall_note_1994,
  author      = {Kendall, Samuel C. and Waldo, Jim and Wollrath, Ann and Wyant, Geoff and Wollrath, Ann},
  title       = {A {Note} on {Distributed} {Computing}},
  institution = {Sun Microsystems, Inc.},
  year        = {1994},
  month       = nov,
  pages       = {49--64},
  url         = {http://dl.acm.org/citation.cfm?id=974938},
}

@Article{wright_syntactic_1994,
  author  = {Wright, A. K. and Felleisen, M.},
  title   = {A {Syntactic} {Approach} to {Type} {Soundness}},
  journal = {Information and Computation},
  year    = {1994},
  volume  = {115},
  number  = {1},
  pages   = {38--94},
  month   = nov,
  issn    = {0890-5401},
  doi     = {10/c838dq},
  url     = {http://www.sciencedirect.com/science/article/pii/S0890540184710935},
}

@InProceedings{wu_static_1994,
  author    = {Wu, Youfeng and Larus, James R.},
  title     = {Static {Branch} {Frequency} and {Program} {Profile} {Analysis}},
  booktitle = {Proceedings of the 27\textsuperscript{th} {Annual} {International} {Symposium} on {Microarchitecture}},
  year      = {1994},
  volume    = {7},
  series    = {{MICRO} 27},
  pages     = {1--11},
  address   = {New York, NY, USA},
  publisher = {ACM},
  doi       = {10/ddvp8z},
  isbn      = {978-0-89791-707-0},
  url       = {http://doi.acm.org/10.1145/192724.192725},
}

@Article{brooks_computer_1996,
  author  = {Brooks, Frederick P. and P., Frederick and P. Brooks, Frederick},
  title   = {The {Computer} {Scientist} as {Toolsmith} {II}.},
  journal = {Communications of the ACM},
  year    = {1996},
  volume  = {39},
  number  = {3},
  pages   = {61--68},
  month   = mar,
  issn    = {00010782},
  doi     = {10/b6x7xg},
  url     = {10.1145/227234.227243%5Cnhttp://prx.library.gatech.edu/login?url=https://search.ebscohost.com/login.aspx?direct=true&db=bth&AN=12619611&site=eds-live&scope=site},
}

@Article{cardelli_type_1996,
  author  = {Cardelli, Luca},
  title   = {Type {Systems}},
  journal = {ACM Computing Surveys},
  year    = {1996},
  volume  = {28},
  number  = {1},
  pages   = {263--264},
  month   = mar,
  issn    = {0360-0300},
  doi     = {10/bdjgc3},
  url     = {http://doi.acm.org/10.1145/234313.234418},
}

@Article{calderbank_good_1996,
  author  = {Calderbank, A. R. and Shor, Peter W.},
  title   = {Good quantum error-correcting codes exist},
  journal = {Physical Review A},
  year    = {1996},
  volume  = {54},
  number  = {2},
  pages   = {1098--1105},
  month   = aug,
  doi     = {10/dpmhpg},
  url     = {https://link.aps.org/doi/10.1103/PhysRevA.54.1098},
}

@Article{steane_multiple-particle_1996,
  author  = {Steane, Andrew},
  title   = {Multiple-particle interference and quantum error correction},
  journal = {Proceedings of the Royal Society of London. Series A: Mathematical, Physical and Engineering Sciences},
  year    = {1996},
  volume  = {452},
  number  = {1954},
  pages   = {2551--2577},
  month   = nov,
  doi     = {10/bdxpff},
  url     = {https://royalsocietypublishing.org/doi/10.1098/rspa.1996.0136},
}

@Book{lions_lions_1996,
  title      = {Lions' commentary on {Unix} 6\textsuperscript{th} edition: with source code},
  publisher  = {Peer-to-Peer Communications},
  year       = {1996},
  author     = {Lions, John},
  address    = {San Jose, Calif.},
  isbn       = {978-1-57398-013-5},
  shorttitle = {Lions' commentary on {Unix} 6\textsuperscript{th} edition},
}

@InProceedings{tarditi_til:_1996,
  author     = {Tarditi, D. and Morrisett, G. and Cheng, P. and Stone, C. and Harper, R. and Lee, P.},
  title      = {{TIL}: {A} {Type}-directed {Optimizing} {Compiler} for {ML}},
  booktitle  = {Proceedings of the {ACM} {SIGPLAN} 1996 {Conference} on {Programming} {Language} {Design} and {Implementation}},
  year       = {1996},
  series     = {{PLDI} '96},
  pages      = {181--192},
  address    = {New York, NY, USA},
  publisher  = {ACM},
  doi        = {10/dxcw2q},
  isbn       = {978-0-89791-795-7},
  shorttitle = {{TIL}},
  url        = {http://doi.acm.org/10.1145/231379.231414},
}

@InProceedings{necula_proof-carrying_1997,
  author    = {Necula, George C.},
  title     = {Proof-carrying code},
  booktitle = {Proceedings of the 24\textsuperscript{th} {ACM} {SIGPLAN}-{SIGACT} symposium on {Principles} of programming languages - {POPL} '97},
  year      = {1997},
  volume    = {243},
  pages     = {106--119},
  address   = {New York, NY, USA},
  month     = jan,
  publisher = {ACM},
  doi       = {10/bmhmn9},
  isbn      = {0-89791-853-3},
  url       = {http://dl.acm.org/citation.cfm?id=263699.263712},
}

@Article{elliott_functional_1997,
  author  = {Elliott, Conal and Hudak, Paul},
  title   = {Functional reactive animation},
  journal = {ACM SIGPLAN Notices},
  year    = {1997},
  volume  = {32},
  number  = {8},
  pages   = {263--273},
  month   = aug,
  issn    = {03621340},
  doi     = {10/cgx7jc},
  url     = {http://dl.acm.org/citation.cfm?id=258949.258973},
}

@Article{cantrill_threadmon:_1997,
  author  = {Cantrill, Bryan M. and Doeppner, Thomas W.},
  title   = {{ThreadMon}: {A} tool for monitoring multithreaded program performance},
  journal = {Proceedings of the Hawaii International Conference on System Sciences},
  year    = {1997},
  volume  = {1},
  pages   = {253--265},
  issn    = {10603425},
  doi     = {10/cmj8td},
  url     = {http://citeseerx.ist.psu.edu/viewdoc/summary?doi=10.1.1.186.3985},
}

@Article{brin_anatomy_1998,
  author  = {Brin, Sergey and Page, Lawrence},
  title   = {The anatomy of a large-scale hypertextual {Web} search engine},
  journal = {Computer Networks and ISDN Systems},
  year    = {1998},
  volume  = {30},
  number  = {1-7},
  pages   = {107--117},
  month   = apr,
  issn    = {01697552},
  doi     = {10/dgjh27},
  url     = {http://dl.acm.org/citation.cfm?id=297810.297827},
}

@Article{gottesman_heisenberg_1998,
  author  = {Gottesman, Daniel},
  title   = {The {Heisenberg} {Representation} of {Quantum} {Computers}},
  journal = {arXiv:quant-ph/9807006},
  year    = {1998},
  month   = jul,
  url     = {http://arxiv.org/abs/quant-ph/9807006},
}

@Article{nipkow_winskel_1998,
  author     = {Nipkow, Tobias},
  title      = {Winskel is (almost) {Right}: {Towards} a {Mechanized} {Semantics} {Textbook}},
  journal    = {Formal Aspects of Computing},
  year       = {1998},
  volume     = {10},
  number     = {2},
  pages      = {171--186},
  month      = nov,
  issn       = {1433-299X},
  doi        = {10/bzmpch},
  shorttitle = {Winskel is (almost) {Right}},
  url        = {https://doi.org/10.1007/s001650050009},
}

@Article{reynolds_definitional_1998,
  author  = {Reynolds, John C.},
  title   = {Definitional {Interpreters} for {Higher}-{Order} {Programming} {Languages}},
  journal = {Higher-Order and Symbolic Computation},
  year    = {1998},
  volume  = {11},
  number  = {4},
  pages   = {363--397},
  month   = dec,
  issn    = {1573-0557},
  doi     = {10/d5rwcr},
  url     = {https://doi.org/10.1023/A:1010027404223},
}

@InProceedings{buhrman_quantum_1998,
  author    = {Buhrman, Harry and Cleve, Richard and Wigderson, Avi},
  title     = {Quantum vs. classical communication and computation},
  booktitle = {Proceedings of the thirtieth annual {ACM} symposium on {Theory} of computing - {STOC} '98},
  year      = {1998},
  pages     = {63--68},
  address   = {New York, New York, USA},
  publisher = {ACM},
  doi       = {10/cq9p3c},
  isbn      = {0-89791-962-9},
  url       = {http://portal.acm.org/citation.cfm?doid=276698.276713},
}

@InCollection{martin-lof_intuitionistic_1998,
  author    = {Martin-L{\"{o}}f, Per},
  title     = {An intuitionistic theory of types},
  booktitle = {Twenty-five years of constructive type theory ({Venice}, 1995)},
  publisher = {Oxford Univ. Press, New York},
  year      = {1998},
  volume    = {36},
  series    = {Oxford {Logic} {Guides}},
  pages     = {127--172},
  mrnumber  = {1686864},
  url       = {https://mathscinet.ams.org/mathscinet-getitem?mr=1686864},
}

@Book{reynolds_theories_1998,
  title     = {Theories of programming languages},
  publisher = {Cambridge University Press},
  year      = {1998},
  author    = {Reynolds, John C},
  address   = {New York},
  isbn      = {978-0-511-82440-1},
  url       = {http://public.eblib.com/choice/publicfullrecord.aspx?p=4637476},
}

@Article{butler_reasoning_1999,
  author  = {Butler, Michael and Hartel, Pieter},
  title   = {Reasoning {About} {Grover}'s {Quantum} {Search} {Algorithm} {Using} {Probabilistic} {Wp}},
  journal = {ACM Transactions on Programming Languages and Systems},
  year    = {1999},
  volume  = {21},
  number  = {3},
  pages   = {417--429},
  month   = may,
  issn    = {0164-0925},
  doi     = {10/dx6r4v},
  url     = {http://doi.acm.org/10.1145/319301.319303},
}

@Article{claessen_poor_1999,
  author  = {Claessen, Koen},
  title   = {A {Poor} {Man}'s {Concurrency} {Monad}},
  journal = {Journal of Functional Programming},
  year    = {1999},
  volume  = {9},
  number  = {3},
  pages   = {313--323},
  month   = may,
  issn    = {0956-7968},
  doi     = {10/bfvcm5},
  url     = {http://dx.doi.org/10.1017/S0956796899003342},
}

@Article{hutton_tutorial_1999,
  author  = {Hutton, Graham},
  title   = {A tutorial on the universality and expressiveness of fold},
  journal = {Journal of Functional Programming},
  year    = {1999},
  volume  = {9},
  number  = {4},
  pages   = {355--372},
  month   = jul,
  issn    = {1469-7653, 0956-7968},
  doi     = {10/dj73xm},
  url     = {https://www.cambridge.org/core/journals/journal-of-functional-programming/article/tutorial-on-the-universality-and-expressiveness-of-fold/CDBAA53C7120E23CBBBE206FD47FDBAA},
}

@Article{herlihy_topological_1999,
  author  = {Herlihy, Maurice and Shavit, Nir},
  title   = {The topological structure of asynchronous computability},
  journal = {Journal of the ACM},
  year    = {1999},
  volume  = {46},
  number  = {6},
  pages   = {858--923},
  month   = nov,
  issn    = {00045411},
  doi     = {10/b427vr},
  url     = {http://dl.acm.org/citation.cfm?id=331524.331529},
}

@Article{morrisett_system_1999,
  author  = {Morrisett, Greg and Walker, David and Crary, Karl and Glew, Neal},
  title   = {From system {F} to typed assembly language},
  journal = {ACM Transactions on Programming Languages and Systems},
  year    = {1999},
  volume  = {21},
  number  = {3},
  pages   = {527--568},
  issn    = {01640925},
  doi     = {10/dcgqj3},
}

@Article{steele_growing_1999,
  author  = {Steele, Guy L.},
  title   = {Growing a language},
  journal = {Higher-Order and Symbolic Computation},
  year    = {1999},
  volume  = {12},
  number  = {3},
  pages   = {221--236},
  issn    = {13883690},
  doi     = {10/dwmjsg},
}

@Article{williams_all_2000,
  author  = {Williams, Laurie A. and Kessler, Robert R. and Eally, N},
  title   = {All {I} {Really} {Need} to {Know} {About} {Pair} {Programming} {I} {Learned} in {Kindergarten}},
  journal = {Communications of the ACM},
  year    = {2000},
  volume  = {43},
  number  = {Williams 1999},
  pages   = {1--13},
  month   = may,
  issn    = {00010782},
  doi     = {10/bkxjx7},
  url     = {http://dl.acm.org/ft_gateway.cfm?id=332848&type=html},
}

@Article{halpern_knowledge_2000,
  author  = {Halpern, Joseph Y. and Moses, Yoram},
  title   = {Knowledge and common knowledge in a distributed environment},
  journal = {Journal of the ACM},
  year    = {2000},
  volume  = {37},
  number  = {3},
  pages   = {549--587},
  month   = jul,
  issn    = {00045411},
  doi     = {10/fmbmd2},
  url     = {http://arxiv.org/abs/cs/0006009},
}

@Article{milojicic_process_2000,
  author  = {Miloji{\v{c}}i{\'{c}}, Dejan S. and Douglis, Fred and Paindaveine, Yves and Wheeler, Richard and Zhou, Songnian},
  title   = {Process migration},
  journal = {ACM Computing Surveys},
  year    = {2000},
  volume  = {32},
  number  = {3},
  pages   = {241--299},
  month   = sep,
  issn    = {03600300},
  doi     = {10/bqdcz2},
  url     = {http://dl.acm.org/citation.cfm?id=367701.367728},
}

@Article{rieffel_introduction_2000,
  author  = {Rieffel, Eleanor and Polak, Wolfgang},
  title   = {An {Introduction} to {Quantum} {Computing} for {Non}-physicists},
  journal = {ACM Computing Surveys},
  year    = {2000},
  volume  = {32},
  number  = {3},
  pages   = {300--335},
  month   = sep,
  issn    = {0360-0300},
  doi     = {10/fcq2hj},
  url     = {http://doi.acm.org/10.1145/367701.367709},
}

@Article{hartmanis_computational_2000,
  author  = {Hartmanis, J. and Stearns, R. E. and Maass, Wolfgang},
  title   = {On the computational complexity of algorithms},
  journal = {Transactions of the American Mathematical Society},
  year    = {2000},
  volume  = {117},
  number  = {8556},
  pages   = {285--306},
  issn    = {0002-9947},
  doi     = {10/ckv299},
  url     = {http://www.ams.org/tran/1965-117-00/S0002-9947-1965-0170805-7/},
}

@Article{noble_arguments_2000,
  author  = {Noble, James},
  title   = {Arguments and results},
  journal = {The Computer Journal},
  year    = {2000},
  volume  = {43},
  number  = {6},
  pages   = {439--450},
  issn    = {00104620},
  doi     = {10/cz4fxm},
}

@InProceedings{sanders_quantum_2000,
  author    = {Sanders, J. W. and Zuliani, P.},
  title     = {Quantum {Programming}},
  booktitle = {Mathematics of {Program} {Construction}},
  year      = {2000},
  editor    = {Backhouse, Roland and Oliveira, Jos{\'{e}} Nuno},
  series    = {Lecture {Notes} in {Computer} {Science}},
  pages     = {80--99},
  address   = {Berlin, Heidelberg},
  publisher = {Springer},
  doi       = {10/bw8sfk},
  isbn      = {978-3-540-45025-2},
}

@Article{strachey_fundamental_2000,
  author  = {Strachey, Christopher},
  title   = {Fundamental {Concepts} in {Programming} {Languages}},
  journal = {Higher-Order and Symbolic Computation},
  year    = {2000},
  volume  = {13},
  number  = {1-2},
  pages   = {11--49},
  issn    = {1388-3690},
  doi     = {10/cpt37d},
  url     = {http://dx.doi.org/10.1023/A:1010000313106},
}

@InCollection{peytonjones2001tackling,
  author    = {Peyton Jones, Simon},
  title     = {Tackling the awkward squad: monadic input/output, concurrency, exceptions, and foreign-language calls in {Haskell}},
  booktitle = {Engineering theories of software construction},
  publisher = {IOS Press},
  year      = {2001},
  pages     = {47--96},
  month     = jan,
  isbn      = {ISBN 1 58603 1724},
  url       = {https://www.microsoft.com/en-us/research/publication/tackling-awkward-squad-monadic-inputoutput-concurrency-exceptions-foreign-language-calls-haskell/},
}

@Article{werner_all_2001,
  author  = {Werner, R. F.},
  title   = {All {Teleportation} and {Dense} {Coding} {Schemes}},
  journal = {Journal of Physics A: Mathematical and General},
  year    = {2001},
  volume  = {34},
  number  = {35},
  pages   = {7081--7094},
  month   = sep,
  issn    = {0305-4470, 1361-6447},
  doi     = {10/c77s63},
  url     = {http://arxiv.org/abs/quant-ph/0003070},
}

@Article{gabriel_why_2001,
  author  = {Gabriel, Richard P.},
  title   = {The {Why} of {Y}},
  journal = {ACM SIGPLAN Lisp Pointers},
  year    = {2001},
  volume  = {2},
  number  = {2},
  pages   = {1--4},
  month   = oct,
  issn    = {10453563},
  doi     = {10/d49v5v},
  url     = {http://dl.acm.org/citation.cfm?id=1317250.1317252},
}

@InProceedings{grassl_graphs_2002,
  author    = {Grassl, M. and Klappenecker, A. and Rotteler, M.},
  title     = {Graphs, quadratic forms, and quantum codes},
  booktitle = {Proceedings {IEEE} {International} {Symposium} on {Information} {Theory},},
  year      = {2002},
  pages     = {45--},
  month     = jun,
  doi       = {10/brmmtr},
}

@Article{schlingemann_stabilizer_2002,
  author  = {Schlingemann, D.},
  title   = {Stabilizer {Codes} {Can} {Be} {Realized} {As} {Graph} {Codes}},
  journal = {Quantum Info. Comput.},
  year    = {2002},
  volume  = {2},
  number  = {4},
  pages   = {307--323},
  month   = jun,
  issn    = {1533-7146},
  url     = {http://arxiv.org/abs/quant-ph/0111080},
}

@Article{buhrman_complexity_2002,
  author  = {Buhrman, Harry and de Wolf, Ronald},
  title   = {Complexity measures and decision tree complexity: a survey},
  journal = {Theoretical Computer Science},
  year    = {2002},
  volume  = {288},
  number  = {1},
  pages   = {21--43},
  month   = oct,
  issn    = {0304-3975},
  doi     = {10/ckqpwj},
  url     = {https://www.sciencedirect.com/science/article/pii/S030439750100144X},
}

@InProceedings{findler_contracts_2002,
  author    = {Findler, Robert Bruce and Felleisen, Matthias},
  title     = {Contracts for {Higher}-order {Functions}},
  booktitle = {Proceedings of the {Seventh} {ACM} {SIGPLAN} {International} {Conference} on {Functional} {Programming}},
  year      = {2002},
  series    = {{ICFP} '02},
  pages     = {48--59},
  address   = {New York, NY, USA},
  publisher = {ACM},
  doi       = {10/cb2rbc},
  isbn      = {978-1-58113-487-2},
  url       = {http://doi.acm.org/10.1145/581478.581484},
}

@Article{sabelfeld_language-based_2003,
  author  = {Sabelfeld, A. and Myers, A.C.},
  title   = {Language-based information-flow security},
  journal = {IEEE Journal on Selected Areas in Communications},
  year    = {2003},
  volume  = {21},
  number  = {1},
  pages   = {5--19},
  month   = jan,
  issn    = {0733-8716, 1558-0008},
  doi     = {10/dnvjwg},
}

@Article{wadler_marriage_2003,
  author  = {Wadler, Philip and Thiemann, Peter},
  title   = {The {Marriage} of {Effects} and {Monads}},
  journal = {ACM Transactions on Computational Logic},
  year    = {2003},
  volume  = {4},
  number  = {1},
  pages   = {1--32},
  month   = jan,
  issn    = {1529-3785},
  doi     = {10/bkj47n},
  url     = {http://doi.acm.org/10.1145/601775.601776},
}

@Article{peres_what_2003,
  author  = {Peres, Asher},
  title   = {What is actually teleported?},
  journal = {arXiv:quant-ph/0304158},
  year    = {2003},
  month   = apr,
  url     = {http://arxiv.org/abs/quant-ph/0304158},
}

@Article{raussendorf_measurement-based_2003,
  author  = {Raussendorf, Robert and Browne, Daniel E. and Briegel, Hans J.},
  title   = {Measurement-based quantum computation on cluster states},
  journal = {Physical Review A},
  year    = {2003},
  volume  = {68},
  number  = {2},
  pages   = {022312},
  month   = aug,
  doi     = {10/ch96qm},
  url     = {https://link.aps.org/doi/10.1103/PhysRevA.68.022312},
}

@Article{fowler_design_2003,
  author  = {Fowler, Editor Martin and Fowler, M.},
  title   = {Design - {Who} needs an architect?},
  journal = {IEEE Software},
  year    = {2003},
  volume  = {20},
  number  = {5},
  pages   = {11--13},
  month   = sep,
  issn    = {0740-7459},
  doi     = {10/bx7b2r},
  url     = {http://dl.acm.org/citation.cfm?id=942589.942716},
}

@Article{viamontes_improving_2003,
  author  = {Viamontes, George F. and Markov, Igor L. and Hayes, John P.},
  title   = {Improving {Gate}-{Level} {Simulation} of {Quantum} {Circuits}},
  journal = {Quantum Information Processing},
  year    = {2003},
  volume  = {2},
  number  = {5},
  pages   = {347--380},
  month   = oct,
  issn    = {1573-1332},
  doi     = {10/c9dczv},
  url     = {https://doi.org/10.1023/B:QINP.0000022725.70000.4a},
}

@InProceedings{barham_xen_2003,
  author    = {Barham, Paul and Dragovic, Boris and Fraser, Keir and Hand, Steven and Harris, Tim and Ho, Alex and Neugebauer, Rolf and Pratt, Ian and Warfield, Andrew},
  title     = {Xen and the {Art} of {Virtualization}},
  booktitle = {Proceedings of the {Nineteenth} {ACM} {Symposium} on {Operating} {Systems} {Principles}},
  year      = {2003},
  volume    = {37},
  series    = {{SOSP} '03},
  pages     = {164--177},
  address   = {New York, NY, USA},
  publisher = {ACM},
  doi       = {10/fmhw3t},
  isbn      = {978-1-58113-757-6},
  url       = {http://doi.acm.org/10.1145/945445.945462},
}

@InProceedings{ghemawat_google_2003,
  author    = {Ghemawat, Sanjay and Gobioff, Howard and Leung, Shun-Tak},
  title     = {The {Google} {File} {System}},
  booktitle = {Proceedings of the {Nineteenth} {ACM} {Symposium} on {Operating} {Systems} {Principles}},
  year      = {2003},
  volume    = {37},
  series    = {{SOSP} '03},
  pages     = {29--43},
  address   = {New York, NY, USA},
  publisher = {ACM},
  doi       = {10/czsdqm},
  isbn      = {978-1-58113-757-6},
  url       = {http://doi.acm.org/10.1145/945445.945450},
}

@InProceedings{mandelbaum_effective_2003,
  author    = {Mandelbaum, Yitzhak and Walker, David and Harper, Robert},
  title     = {An {Effective} {Theory} of {Type} {Refinements}},
  booktitle = {Proceedings of the {Eighth} {ACM} {SIGPLAN} {International} {Conference} on {Functional} {Programming}},
  year      = {2003},
  series    = {{ICFP} '03},
  pages     = {213--225},
  address   = {New York, NY, USA},
  publisher = {ACM},
  doi       = {10/dg94q2},
  isbn      = {978-1-58113-756-9},
  url       = {http://doi.acm.org/10.1145/944705.944725},
}

@Article{dean_mapreduce:_2004,
  author  = {Dean, Jeffrey and Ghemawat, Sanjay},
  title   = {{MapReduce}: {Simplied} {Data} {Processing} on {Large} {Clusters}},
  journal = {Proceedings of 6\textsuperscript{th} Symposium on Operating Systems Design and Implementation},
  year    = {2004},
  volume  = {51},
  number  = {1},
  pages   = {137--149},
  month   = jan,
  issn    = {00010782},
  doi     = {10/br3wxw},
  pmid    = {11687618},
  url     = {http://dl.acm.org/citation.cfm?id=1327452.1327492},
}

@Article{lattner_llvm:_2004,
  author  = {Lattner, Chris and Adve, Vikram},
  title   = {{LLVM}: {A} compilation framework for lifelong program analysis \& transformation},
  journal = {International Symposium on Code Generation and Optimization, CGO},
  year    = {2004},
  pages   = {75--86},
  month   = mar,
  issn    = {1053587X},
  doi     = {10/d5brsd},
  url     = {http://dl.acm.org/citation.cfm?id=977395.977673},
}

@Article{tarditi_til:_2004,
  author     = {Tarditi, David and Morrisett, Greg and Cheng, Perry and Stone, Chris and Harper, Robert and Lee, Peter},
  title      = {{TIL}: {A} {Type}-directed, {Optimizing} {Compiler} for {ML}},
  journal    = {SIGPLAN Not.},
  year       = {2004},
  volume     = {39},
  number     = {4},
  pages      = {554--567},
  month      = apr,
  issn       = {0362-1340},
  doi        = {10/cj82g7},
  shorttitle = {{TIL}},
  url        = {http://doi.acm.org/10.1145/989393.989449},
}

@Article{hein_multiparty_2004,
  author  = {Hein, M. and Eisert, J. and Briegel, H. J.},
  title   = {Multiparty entanglement in graph states},
  journal = {Physical Review A},
  year    = {2004},
  volume  = {69},
  number  = {6},
  pages   = {062311},
  month   = jun,
  doi     = {10/cvx3wc},
  url     = {https://link.aps.org/doi/10.1103/PhysRevA.69.062311},
}

@InProceedings{abramsky_categorical_2004,
  author    = {Abramsky, S. and Coecke, B.},
  title     = {A categorical semantics of quantum protocols},
  booktitle = {Proceedings of the 19\textsuperscript{th} {Annual} {IEEE} {Symposium} on {Logic} in {Computer} {Science}, 2004.},
  year      = {2004},
  pages     = {415--425},
  month     = jul,
  publisher = {IEEE Computer Science Press},
  doi       = {10/fvhbkz},
  url       = {http://arxiv.org/abs/quant-ph/0402130},
}

@Article{felleisen_structure_2004,
  author  = {Felleisen, Matthias and Findler, Robert Bruce and Flatt, Matthew and Krishnamurthi, Shriram},
  title   = {The {Structure} and {Interpretation} of the {Computer} {Science} {Curriculum}},
  journal = {Journal of functional Programming},
  year    = {2004},
  volume  = {14},
  number  = {4},
  pages   = {365--378},
  month   = jul,
  issn    = {0956-7968},
  doi     = {10/fpd5fd},
  url     = {http://dx.doi.org/10.1017/S0956796804005076},
}

@Article{plotkin_origins_2004,
  author  = {Plotkin, Gordon D},
  title   = {The origins of structural operational semantics},
  journal = {The Journal of Logic and Algebraic Programming},
  year    = {2004},
  volume  = {60-61},
  pages   = {3--15},
  month   = jul,
  issn    = {1567-8326},
  doi     = {10/dm88xb},
  series  = {Structural {Operational} {Semantics}},
  url     = {http://www.sciencedirect.com/science/article/pii/S1567832604000268},
}

@Article{Selinger2004,
  author  = {Selinger, Peter},
  title   = {Towards a quantum programming language},
  journal = {Mathematical Structures in Computer Science},
  year    = {2004},
  volume  = {14},
  number  = {4},
  pages   = {527--586},
  month   = aug,
  issn    = {1469-8072, 0960-1295},
  doi     = {10/fgpw8k},
  url     = {https://www.cambridge.org/core/journals/mathematical-structures-in-computer-science/article/towards-a-quantum-programming-language/54D5BCF28724CA6BE38F98DC4B6803DF},
}

@Article{aaronson_improved_2004,
  author  = {Aaronson, Scott and Gottesman, Daniel},
  title   = {Improved {Simulation} of {Stabilizer} {Circuits}},
  journal = {Physical Review A},
  year    = {2004},
  volume  = {70},
  number  = {5},
  pages   = {052328},
  month   = nov,
  issn    = {1050-2947, 1094-1622},
  doi     = {10/dmsbqx},
  url     = {https://link.aps.org/doi/10.1103/PhysRevA.70.052328},
}

@Article{viamontes_graph-based_2005,
  author  = {Viamontes, George F. and Markov, Igor L. and Hayes, John P.},
  title   = {Graph-based {Simulation} of {Quantum} {Computation} in the {Density} {Matrix} {Representation}},
  journal = {Quantum Info. Comput.},
  year    = {2005},
  volume  = {5},
  number  = {2},
  pages   = {113--130},
  month   = mar,
  issn    = {1533-7146},
  url     = {http://dl.acm.org/citation.cfm?id=2011626.2011629},
}

@InProceedings{ahmed_step-indexed_2005,
  author    = {Ahmed, Amal and Fluet, Matthew and Morrisett, Greg},
  title     = {A {Step}-indexed {Model} of {Substructural} {State}},
  booktitle = {Proceedings of the {Tenth} {ACM} {SIGPLAN} {International} {Conference} on {Functional} {Programming}},
  year      = {2005},
  series    = {{ICFP} '05},
  pages     = {78--91},
  address   = {New York, NY, USA},
  publisher = {ACM},
  doi       = {10/cm3dr7},
  isbn      = {978-1-59593-064-4},
  url       = {http://doi.acm.org/10.1145/1086365.1086376},
}

@InProceedings{boehm_threads_2005,
  author    = {Boehm, Hans-J.},
  title     = {Threads {Cannot} {Be} {Implemented} {As} a {Library}},
  booktitle = {Proceedings of the 2005 {ACM} {SIGPLAN} {Conference} on {Programming} {Language} {Design} and {Implementation}},
  year      = {2005},
  volume    = {40},
  series    = {{PLDI} '05},
  pages     = {261--268},
  address   = {New York, NY, USA},
  publisher = {ACM},
  doi       = {10/bnwvv9},
  isbn      = {978-1-59593-056-9},
  url       = {http://doi.acm.org/10.1145/1065010.1065042},
}

@Article{rosenblum_virtual_2005,
  author  = {Rosenblum, Mendel and Garfinkel, Tal},
  title   = {Virtual machine monitors: {Current} technology and future trends},
  journal = {Computer},
  year    = {2005},
  volume  = {38},
  number  = {5},
  pages   = {39--47},
  issn    = {00189162},
  doi     = {10/b87kzs},
}

@InProceedings{leroy_formal_2006,
  author     = {Leroy, Xavier},
  title      = {Formal {Certification} of a {Compiler} {Back}-end or: {Programming} a {Compiler} with a {Proof} {Assistant}},
  booktitle  = {Conference {Record} of the 33\textsuperscript{rd} {ACM} {SIGPLAN}-{SIGACT} {Symposium} on {Principles} of {Programming} {Languages}},
  year       = {2006},
  series     = {{POPL} '06},
  pages      = {42--54},
  address    = {New York, NY, USA},
  month      = jan,
  publisher  = {ACM},
  doi        = {10/ck4nc6},
  isbn       = {978-1-59593-027-9},
  shorttitle = {Formal {Certification} of a {Compiler} {Back}-end or},
  url        = {http://doi.acm.org/10.1145/1111037.1111042},
}

@InProceedings{mckinna_why_2006,
  author    = {McKinna, James},
  title     = {Why {Dependent} {Types} {Matter}},
  booktitle = {Conference {Record} of the 33\textsuperscript{rd} {ACM} {SIGPLAN}-{SIGACT} {Symposium} on {Principles} of {Programming} {Languages}},
  year      = {2006},
  series    = {{POPL} '06},
  pages     = {1--1},
  address   = {New York, NY, USA},
  month     = jan,
  publisher = {ACM},
  doi       = {10/fvwqsr},
  isbn      = {978-1-59593-027-9},
  url       = {http://doi.acm.org/10.1145/1111037.1111038},
}

@Article{anders_fast_2006,
  author  = {Anders, Simon and Briegel, Hans J.},
  title   = {Fast simulation of stabilizer circuits using a graph-state representation},
  journal = {Physical Review A},
  year    = {2006},
  volume  = {73},
  number  = {2},
  pages   = {022334},
  month   = feb,
  doi     = {10/d6vn42},
  url     = {https://link.aps.org/doi/10.1103/PhysRevA.73.022334},
}

@Article{chang_bigtable:_2006,
  author  = {Chang, Fay A Y and Dean, Jeffrey and Ghemawat, Sanjay and Hsieh, Wilson C. and Wallach, Deborah A. and Burrows, Mike and Chandra, Tushar and Fikes, Andrew and Gruber, Robert E.},
  title   = {Bigtable: {A} {Distributed} {Storage} {System} for {Structured} {Data}},
  journal = {7\textsuperscript{th} Symposium on Operating Systems Design and Implementation (OSDI '06), November 6-8, Seattle, WA, USA},
  year    = {2006},
  volume  = {26},
  number  = {2},
  pages   = {1--26},
  month   = jun,
  issn    = {07342071},
  doi     = {10/cp9jch},
  url     = {http://dl.acm.org/citation.cfm?id=1365815.1365816},
}

@Article{dhondt_quantum_2006,
  author  = {D'hondt, Ellie and Panangaden, Prakash},
  title   = {Quantum {Weakest} {Preconditions}},
  journal = {Mathematical Structures in Computer Science},
  year    = {2006},
  volume  = {16},
  number  = {3},
  pages   = {429--451},
  month   = jun,
  issn    = {1469-8072, 0960-1295},
  doi     = {10/c46pd2},
  url     = {https://www.cambridge.org/core/journals/mathematical-structures-in-computer-science/article/quantum-weakest-preconditions/3A980E52FA12B7510F7F6AEAC9B9FF23},
}

@Article{selinger_lambda_2006,
  author  = {Selinger, Peter and Valiron, Benoit},
  title   = {A lambda calculus for quantum computation with classical control},
  journal = {Mathematical Structures in Computer Science},
  year    = {2006},
  volume  = {16},
  number  = {3},
  pages   = {527--552},
  month   = jun,
  issn    = {1469-8072, 0960-1295},
  doi     = {10/cb9gnr},
  url     = {http://www.cambridge.org/core/journals/mathematical-structures-in-computer-science/article/lambda-calculus-for-quantum-computation-with-classical-control/53AB540D33E2E420DF2F28D0073B7F45},
}

@Article{handley_why_2006,
  author  = {Handley, M.},
  title   = {Why the {Internet} only just works},
  journal = {BT Technology Journal},
  year    = {2006},
  volume  = {24},
  number  = {3},
  pages   = {119--129},
  month   = jul,
  issn    = {13583948},
  doi     = {10/fjmpsc},
  url     = {http://link.springer.com/10.1007/s10550-006-0084-z},
}

@InProceedings{Siek06gradualtyping,
  author    = {Siek, Jeremy G. and Taha, Walid},
  title     = {Gradual typing for functional languages},
  booktitle = {{IN} {SCHEME} {AND} {FUNCTIONAL} {PROGRAMMING} {WORKSHOP}},
  year      = {2006},
  pages     = {81--92},
}

@InProceedings{tobin-hochstadt_interlanguage_2006,
  author     = {Tobin-Hochstadt, Sam and Felleisen, Matthias},
  title      = {Interlanguage {Migration}: {From} {Scripts} to {Programs}},
  booktitle  = {Companion to the 21\textsuperscript{st} {ACM} {SIGPLAN} {Symposium} on {Object}-oriented {Programming} {Systems}, {Languages}, and {Applications}},
  year       = {2006},
  series     = {{OOPSLA} '06},
  pages      = {964--974},
  address    = {New York, NY, USA},
  publisher  = {ACM},
  doi        = {10/fdh86d},
  isbn       = {978-1-59593-491-8},
  shorttitle = {Interlanguage {Migration}},
  url        = {http://doi.acm.org/10.1145/1176617.1176755},
}

@Article{briscoe_flow_2007,
  author     = {Briscoe, Bob},
  title      = {Flow {Rate} {Fairness}: {Dismantling} a {Religion}},
  journal    = {ACM SIGCOMM Computer Communication Review},
  year       = {2007},
  volume     = {37},
  number     = {2},
  pages      = {63--74},
  month      = mar,
  issn       = {0146-4833},
  doi        = {10/cv6xz2},
  shorttitle = {Flow {Rate} {Fairness}},
  url        = {http://doi.acm.org/10.1145/1232919.1232926},
}

@Article{ohearn_resources_2007,
  author  = {O'Hearn, Peter W.},
  title   = {Resources, concurrency, and local reasoning},
  journal = {Theoretical Computer Science},
  year    = {2007},
  volume  = {375},
  number  = {1-3},
  pages   = {271--307},
  month   = may,
  issn    = {03043975},
  doi     = {10/crkgwk},
  url     = {http://linkinghub.elsevier.com/retrieve/pii/S030439750600925X},
}

@Unpublished{ilic_ekert_2007,
  author = {Ilic, Nikolina},
  title  = {The {Ekert} {Protocol}},
  month  = jul,
  year   = {2007},
  url    = {http://www.ux1.eiu.edu/~nilic/Nina's-article.pdf},
}

@InProceedings{lee_towards_2007,
  author    = {Lee, Daniel K. and Crary, Karl and Harper, Robert},
  title     = {Towards a {Mechanized} {Metatheory} of {Standard} {ML}},
  booktitle = {Proceedings of the 34\textsuperscript{th} {Annual} {ACM} {SIGPLAN}-{SIGACT} {Symposium} on {Principles} of {Programming} {Languages}},
  year      = {2007},
  series    = {{POPL} '07},
  pages     = {173--184},
  address   = {New York, NY, USA},
  publisher = {ACM},
  doi       = {10/bgp6d5},
  isbn      = {978-1-59593-575-5},
  url       = {http://doi.acm.org/10.1145/1190216.1190245},
}

@InProceedings{matthews_operational_2007,
  author    = {Matthews, Jacob and Findler, Robert Bruce},
  title     = {Operational {Semantics} for {Multi}-language {Programs}},
  booktitle = {Proceedings of the 34\textsuperscript{th} {Annual} {ACM} {SIGPLAN}-{SIGACT} {Symposium} on {Principles} of {Programming} {Languages}},
  year      = {2007},
  series    = {{POPL} '07},
  pages     = {3--10},
  address   = {New York, NY, USA},
  publisher = {ACM},
  doi       = {10/frrq52},
  isbn      = {978-1-59593-575-5},
  url       = {http://doi.acm.org/10.1145/1190216.1190220},
}

@InProceedings{perry_fault-tolerant_2007,
  author    = {Perry, Frances and Mackey, Lester and Reis, George A. and Ligatti, Jay and August, David I. and Walker, David},
  title     = {Fault-tolerant {Typed} {Assembly} {Language}},
  booktitle = {Proceedings of the 28\textsuperscript{th} {ACM} {SIGPLAN} {Conference} on {Programming} {Language} {Design} and {Implementation}},
  year      = {2007},
  series    = {{PLDI} '07},
  pages     = {42--53},
  address   = {New York, NY, USA},
  publisher = {ACM},
  doi       = {10/fjx85t},
  isbn      = {978-1-59593-633-2},
  url       = {http://doi.acm.org/10.1145/1250734.1250741},
}

@InProceedings{viamontes_checking_2007,
  author    = {Viamontes, George F. and Markov, Igor L. and Hayes, John P.},
  title     = {Checking {Equivalence} of {Quantum} {Circuits} and {States}},
  booktitle = {Proceedings of the 2007 {IEEE}/{ACM} {International} {Conference} on {Computer}-aided {Design}},
  year      = {2007},
  series    = {{ICCAD} '07},
  pages     = {69--74},
  address   = {Piscataway, NJ, USA},
  publisher = {IEEE Press},
  isbn      = {978-1-4244-1382-9},
  url       = {http://dl.acm.org/citation.cfm?id=1326073.1326089},
}

@InProceedings{de_moura_z3:_2008,
  author     = {de Moura, Leonardo and Bj{\o}rner, Nikolaj},
  title      = {Z3: {An} {Efficient} {SMT} {Solver}},
  booktitle  = {Tools and {Algorithms} for the {Construction} and {Analysis} of {Systems}},
  year       = {2008},
  editor     = {Ramakrishnan, C. R. and Rehof, Jakob},
  series     = {Lecture {Notes} in {Computer} {Science}},
  pages      = {337--340},
  month      = apr,
  publisher  = {Springer Berlin Heidelberg},
  isbn       = {978-3-540-78800-3},
  shorttitle = {Z3},
}

@InProceedings{coecke_interacting_2008,
  author    = {Coecke, Bob and Duncan, Ross},
  title     = {Interacting {Quantum} {Observables}},
  booktitle = {Automata, {Languages} and {Programming}},
  year      = {2008},
  editor    = {Aceto, Luca and Damg{{\aa}}rd, Ivan and Goldberg, Leslie Ann and Halld{\'{o}}rsson, Magn{\'{u}}s M. and Ing{\'{o}}lfsd{\'{o}}ttir, Anna and Walukiewicz, Igor},
  series    = {Lecture {Notes} in {Computer} {Science}},
  pages     = {298--310},
  address   = {Berlin, Heidelberg},
  month     = jul,
  publisher = {Springer},
  doi       = {10/fczfzk},
  isbn      = {978-3-540-70583-3},
}

@Article{cantrill_real-world_2008,
  author  = {Cantrill, Bryan and Bonwick, Jeff},
  title   = {Real-{World} {Concurrency}},
  journal = {Queue},
  year    = {2008},
  volume  = {6},
  number  = {5},
  pages   = {16--25},
  month   = sep,
  issn    = {1542-7730},
  doi     = {10/fcgd35},
  url     = {http://doi.acm.org/10.1145/1454456.1454462},
}

@InProceedings{chlipala_parametric_2008,
  author    = {Chlipala, Adam},
  title     = {Parametric {Higher}-order {Abstract} {Syntax} for {Mechanized} {Semantics}},
  booktitle = {Proceedings of the 13\textsuperscript{th} {ACM} {SIGPLAN} {International} {Conference} on {Functional} {Programming}},
  year      = {2008},
  series    = {{ICFP} '08},
  pages     = {143--156},
  address   = {New York, NY, USA},
  month     = sep,
  publisher = {ACM},
  doi       = {10/fwdth3},
  isbn      = {978-1-59593-919-7},
  url       = {http://doi.acm.org/10.1145/1411204.1411226},
}

@Article{nanevski_hoare_2008,
  author  = {Nanevski, Aleksandar and Morrisett, Greg and Birkedal, Lars},
  title   = {Hoare {Type} {Theory}, {Polymorphism} and {Separation}},
  journal = {Journal of Functional Programming},
  year    = {2008},
  volume  = {18},
  number  = {5-6},
  pages   = {865--911},
  month   = sep,
  doi     = {10/bsf5mn},
}

@InProceedings{aydemir_engineering_2008,
  author    = {Aydemir, Brian and Chargu{\'{e}}raud, Arthur and Pierce, Benjamin C. and Pollack, Randy and Weirich, Stephanie and Weirich, Stephanie},
  title     = {Engineering {Formal} {Metatheory}},
  booktitle = {Proceedings of the 35\textsuperscript{th} {Annual} {ACM} {SIGPLAN}-{SIGACT} {Symposium} on {Principles} of {Programming} {Languages}},
  year      = {2008},
  series    = {{POPL} '08},
  pages     = {3--15},
  address   = {New York, NY, USA},
  publisher = {ACM},
  doi       = {10/fhqq7h},
  isbn      = {978-1-59593-689-9},
  url       = {http://doi.acm.org/10.1145/1328438.1328443},
}

@InProceedings{boehm_foundations_2008,
  author    = {Boehm, Hans-J. and Adve, Sarita V.},
  title     = {Foundations of the {C}++ {Concurrency} {Memory} {Model}},
  booktitle = {Proceedings of the 29\textsuperscript{th} {ACM} {SIGPLAN} {Conference} on {Programming} {Language} {Design} and {Implementation}},
  year      = {2008},
  volume    = {43},
  series    = {{PLDI} '08},
  pages     = {68--78},
  address   = {New York, NY, USA},
  publisher = {ACM},
  doi       = {10/fh376n},
  isbn      = {978-1-59593-860-2},
  url       = {http://doi.acm.org/10.1145/1375581.1375591},
}

@Article{MR2463991,
  author  = {Gonthier, Georges},
  title   = {Formal {Proof}---{The} {Four}- {Color} {Theorem}},
  journal = {Notices of the American Mathematical Society},
  year    = {2008},
  volume  = {55},
  number  = {11},
  pages   = {1382--1393},
  issn    = {0002-9920},
}

@Article{horodecki_quantum_2009,
  author  = {Horodecki, Ryszard and Horodecki, Pawe{{\l}} and Horodecki, Micha{{\l}} and Horodecki, Karol},
  title   = {Quantum entanglement},
  journal = {Reviews of Modern Physics},
  year    = {2009},
  volume  = {81},
  number  = {2},
  pages   = {865--942},
  month   = jun,
  doi     = {10/d2vqp8},
  url     = {https://link.aps.org/doi/10.1103/RevModPhys.81.865},
}

@InProceedings{duncan_graph_2009,
  author    = {Duncan, Ross and Perdrix, Simon},
  title     = {Graph {States} and the {Necessity} of {Euler} {Decomposition}},
  booktitle = {5\textsuperscript{th} {Conference} on {Computability} in {Europe}},
  year      = {2009},
  editor    = {{Ambos-Spies} and {Klaus} and {L{\"{o}}we} and {Benedikt} and {Merkle} and {Wolfgang}},
  volume    = {5635},
  series    = {Lecture {Notes} in {Computer} {Science}},
  pages     = {167--177},
  address   = {Heidelberg, Germany},
  month     = jul,
  publisher = {Springer Berlin Heidelberg},
  doi       = {10/ffvt66},
  url       = {https://hal.archives-ouvertes.fr/hal-00940879},
}

@Article{leroy_formal_2009,
  author  = {Leroy, Xavier},
  title   = {Formal {Verification} of a {Realistic} {Compiler}},
  journal = {Communications of the ACM},
  year    = {2009},
  volume  = {52},
  number  = {7},
  pages   = {107--115},
  month   = jul,
  issn    = {0001-0782},
  doi     = {10/c9sb7q},
  url     = {http://doi.acm.org/10.1145/1538788.1538814},
}

@Article{morrisett_technical_2009,
  author  = {Morrisett, Greg},
  title   = {Technical perspective {A} compiler's story},
  journal = {Communications of the ACM},
  year    = {2009},
  volume  = {52},
  number  = {7},
  pages   = {106--106},
  month   = jul,
  issn    = {0001-0782},
  doi     = {10/c2jrxj},
  url     = {http://dl.acm.org/citation.cfm?id=1538788.1538813},
}

@Article{bertot_theorem-proving_2009,
  author  = {Bertot, Yves},
  title   = {Theorem-proving support in programming language semantics},
  journal = {From Semantics to Computer Science: Essays in Honour of Gilles Kahn},
  year    = {2009},
  pages   = {26},
  month   = sep,
  doi     = {10/c3qz6z},
  url     = {/core/books/from-semantics-to-computer-science/theoremproving-support-in-programming-language-semantics/234FDF841A1DB0AAE6B156347203B940},
}

@Article{hoare_viewpoint:_2009,
  author     = {Hoare, C.A.R.},
  title      = {Viewpoint: {Retrospective}: {An} {Axiomatic} {Basis} for {Computer} {Programming}},
  journal    = {Communications of the ACM},
  year       = {2009},
  volume     = {52},
  number     = {10},
  pages      = {30--32},
  month      = oct,
  issn       = {0001-0782},
  doi        = {10/dgtbfg},
  shorttitle = {Viewpoint},
  url        = {http://doi.acm.org/10.1145/1562764.1562779},
}

@Article{leroy_formally_2009,
  author  = {Leroy, Xavier},
  title   = {A {Formally} {Verified} {Compiler} {Back}-end},
  journal = {Journal of Automated Reasoning},
  year    = {2009},
  volume  = {43},
  number  = {4},
  pages   = {363},
  month   = nov,
  issn    = {1573-0670},
  doi     = {10/cnrcnn},
  url     = {https://doi.org/10.1007/s10817-009-9155-4},
}

@InCollection{selinger_quantum_2009,
  author    = {Selinger, Peter and Valiron, Beno\${\textbackslash}\${\textasciicircum}\${\textbackslash}\$it Beno{\textbackslash}{\textasciicircum}{\textbackslash}it},
  title     = {Quantum {Lambda} {Calculus}},
  booktitle = {Semantic {Techniques} in {Quantum} {Computation}},
  publisher = {Cambridge University Press},
  year      = {2009},
  editor    = {Gay, Simon and Mackie, Ian},
  pages     = {135--172},
  month     = nov,
  doi       = {10.1017/CBO9781139193313.005},
  url       = {https://www.mscs.dal.ca/~selinger/papers/qlambdabook.pdf},
}

@inproceedings{herbelin_forcing-based_2009,
	address = {Berlin, Heidelberg},
	title = {Forcing-{Based} {Cut}-{Elimination} for {Gentzen}-{Style} {Intuitionistic} {Sequent} {Calculus}},
	isbn = {978-3-642-02261-6},
	booktitle = {Logic, {Language}, {Information} and {Computation}},
	publisher = {Springer, Berlin, Heidelberg},
	author = {Herbelin, Hugo and Lee, Gyesik},
	editor = {Ono, Hiroakira and Kanazawa, Makoto and de Queiroz, Ruy},
	year = {2009},
	pages = {209--217}
}

@InProceedings{leino_basis_2009,
  author    = {Leino, K. Rustan M. and M{\"{u}}ller, Peter},
  title     = {A basis for verifying multi-threaded programs},
  booktitle = {Lecture {Notes} in {Computer} {Science} (including subseries {Lecture} {Notes} in {Artificial} {Intelligence} and {Lecture} {Notes} in {Bioinformatics})},
  year      = {2009},
  volume    = {5502},
  pages     = {378--393},
  publisher = {Springer-Verlag},
  doi       = {10/bgmg5p},
  isbn      = {978-3-642-00589-3},
  url       = {http://link.springer.com/10.1007/978-3-642-00590-9_27},
}

@InProceedings{whitney_fault_2009,
  author    = {Whitney, Mark G. and Isailovic, Nemanja and Patel, Yatish and Kubiatowicz, John},
  title     = {A {Fault} {Tolerant}, {Area} {Efficient} {Architecture} for {Shor}'s {Factoring} {Algorithm}},
  booktitle = {Proceedings of the 36\textsuperscript{th} {Annual} {International} {Symposium} on {Computer} {Architecture}},
  year      = {2009},
  series    = {{ISCA} '09},
  pages     = {383--394},
  address   = {New York, NY, USA},
  publisher = {ACM},
  doi       = {10/dh4s42},
  isbn      = {978-1-60558-526-0},
  url       = {http://doi.acm.org/10.1145/1555754.1555802},
}

@InProceedings{chlipala_verified_2010,
  author    = {Chlipala, Adam},
  title     = {A {Verified} {Compiler} for an {Impure} {Functional} {Language}},
  booktitle = {Proceedings of the 37\textsuperscript{th} {Annual} {ACM} {SIGPLAN}-{SIGACT} {Symposium} on {Principles} of {Programming} {Languages}},
  year      = {2010},
  series    = {{POPL} '10},
  pages     = {93--106},
  address   = {New York, NY, USA},
  month     = jan,
  publisher = {ACM},
  doi       = {10/c86n2s},
  isbn      = {978-1-60558-479-9},
  url       = {http://doi.acm.org/10.1145/1706299.1706312},
}

@Article{bacon_recent_2010,
  author  = {Bacon, Dave and van Dam, Wim},
  title   = {Recent {Progress} in {Quantum} {Algorithms}},
  journal = {Communications of the ACM},
  year    = {2010},
  volume  = {53},
  number  = {2},
  pages   = {84--93},
  month   = feb,
  issn    = {0001-0782},
  doi     = {10/c2hzz8},
  url     = {http://doi.acm.org/10.1145/1646353.1646375},
}

@Article{knowles_hybrid_2010,
  author  = {Knowles, Kenneth and Flanagan, Cormac},
  title   = {Hybrid {Type} {Checking}},
  journal = {ACM Transactions on Programming Languages and Systems},
  year    = {2010},
  volume  = {32},
  number  = {2},
  pages   = {6:1--6:34},
  month   = feb,
  issn    = {0164-0925},
  doi     = {10/frd7pz},
  url     = {http://doi.acm.org/10.1145/1667048.1667051},
}

@InCollection{leroy:inria-00529848,
  author    = {Leroy, Xavier},
  title     = {Mechanized semantics},
  booktitle = {Logics and languages for reliability and security},
  publisher = {IOS Press},
  year      = {2010},
  editor    = {Esparza, J. and Spanfelner, B. and Grumberg, O.},
  volume    = {25},
  series    = {{NATO} science for peace and security series {D}: information and communication security},
  pages     = {195--224},
  month     = mar,
  doi       = {10.3233/978-1-60750-100-8-195},
  url       = {https://hal.inria.fr/inria-00529848},
}

@InCollection{gottesman_introduction_2010,
  author    = {Gottesman, Daniel},
  title     = {An introduction to quantum error correction and fault-tolerant quantum computation},
  booktitle = {Quantum information science and its contributions to mathematics},
  publisher = {Amer. Math. Soc., Providence, RI},
  year      = {2010},
  volume    = {68},
  series    = {Proc. {Sympos}. {Appl}. {Math}.},
  pages     = {13--58},
  month     = apr,
  doi       = {10.1090/psapm/068/2762145},
  mrnumber  = {2762145},
  url       = {https://mathscinet.ams.org/mathscinet-getitem?mr=2762145},
}

@TechReport{aydemir_lngen:_2010,
  author      = {Aydemir, Brian and Weirich, Stephanie},
  title       = {{LNgen}: {Tool} {Support} for {Locally} {Nameless} {Representations}},
  institution = {University of Pennsylvania},
  year        = {2010},
  month       = jun,
  pages       = {20},
  shorttitle  = {{LNgen}},
  url         = {https://repository.upenn.edu/cis_reports/933},
}

@InCollection{baez_physics_2010,
  author     = {Baez, J. and Stay, M.},
  title      = {Physics, {Topology}, {Logic} and {Computation}: {A} {Rosetta} {Stone}},
  booktitle  = {New {Structures} for {Physics}},
  publisher  = {Springer},
  year       = {2010},
  editor     = {Coecke, Bob},
  series     = {Lecture {Notes} in {Physics}},
  pages      = {95--172},
  address    = {Berlin, Heidelberg},
  month      = jul,
  isbn       = {978-3-642-12821-9},
  doi        = {10.1007/978-3-642-12821-9_2},
  shorttitle = {Physics, {Topology}, {Logic} and {Computation}},
  url        = {https://doi.org/10.1007/978-3-642-12821-9_2},
}

@InProceedings{coecke_compositional_2010,
  author    = {Coecke, Bob and Kissinger, Aleks},
  title     = {The {Compositional} {Structure} of {Multipartite} {Quantum} {Entanglement}},
  booktitle = {Automata, {Languages} and {Programming}},
  year      = {2010},
  editor    = {Abramsky, Samson and Gavoille, Cyril and Kirchner, Claude and Meyer auf der Heide, Friedhelm and Spirakis, Paul G.},
  series    = {Lecture {Notes} in {Computer} {Science}},
  pages     = {297--308},
  address   = {Berlin, Heidelberg},
  month     = jul,
  publisher = {Springer},
  doi       = {10/cfcvvx},
  isbn      = {978-3-642-14162-1},
}

@InCollection{Sel2009-graphical,
  author    = {Selinger, Peter},
  title     = {A {Survey} of {Graphical} {Languages} for {Monoidal} {Categories}},
  booktitle = {New {Structures} for {Physics}},
  publisher = {Springer Berlin Heidelberg},
  year      = {2010},
  editor    = {Coecke, Bob},
  volume    = {813},
  series    = {Lecture {Notes} in {Physics}},
  pages     = {289--355},
  month     = jul,
  isbn      = {978-3-642-12821-9},
  doi       = {10.1007/978-3-642-12821-9_4},
  url       = {https://doi.org/10.1007/978-3-642-12821-9_4},
}

@Article{gour_all_2010,
  author  = {Gour, Gilad and Wallach, Nolan R.},
  title   = {All {Maximally} {Entangled} {Four} {Qubits} {States}},
  journal = {Journal of Mathematical Physics},
  year    = {2010},
  volume  = {51},
  number  = {11},
  pages   = {112201},
  month   = nov,
  issn    = {0022-2488, 1089-7658},
  doi     = {10/b294zv},
  url     = {https://aip.scitation.org/doi/10.1063/1.3511477},
}

@Book{nielsen_quantum_2010,
  title     = {Quantum Computation and Quantum Information: 10\textsuperscript{th} Anniversary Edition},
  publisher = {Cambridge University Press},
  year      = {2010},
  author    = {Nielsen, Michael A. and Chuang, Isaac L.},
  address   = {Cambridge, UK},
  doi       = {10.1017/CBO9780511976667},
}

@InProceedings{tov_stateful_2010,
  author    = {Tov, Jesse A. and Pucella, Riccardo},
  title     = {Stateful {Contracts} for {Affine} {Types}},
  booktitle = {Programming {Languages} and {Systems}},
  year      = {2010},
  editor    = {Gordon, Andrew D.},
  series    = {Lecture {Notes} in {Computer} {Science}},
  pages     = {550--569},
  address   = {Berlin, Heidelberg},
  publisher = {Springer},
  doi       = {10.1007/978-3-642-11957-6_29},
  isbn      = {978-3-642-11957-6},
}

@Article{coburn_nv-heaps:_2011,
  author  = {Coburn, Joel and Caulfield, Adrian M. Am and Akel, Ameen and Grupp, Laura M. and Gupta, Rajesh K. and Jhala, Ranjit and Swanson, Steven and Coburn, Joel and Caulfield, Adrian M. Am and Akel, Ameen and Grupp, Laura M. and Gupta, Rajesh K. and Jhala, Ranjit and Swanson, Steven and Coburn, Joel and Caulfield, Adrian M. Am and Akel, Ameen and Grupp, Laura M. and Gupta, Rajesh K. and Jhala, Ranjit and Swanson, Steven and Coburn, Joel and Caulfield, Adrian M. Am and Akel, Ameen and Grupp, Laura M. and Gupta, Rajesh K. and Jhala, Ranjit and Swanson, Steven},
  title   = {{NV}-{Heaps}: making persistent objects fast and safe with next-generation, non-volatile memories},
  journal = {Proceedings of the sixteenth international conference on Architectural support for programming languages and operating systems},
  year    = {2011},
  volume  = {46},
  number  = {3},
  pages   = {105--118},
  month   = mar,
  issn    = {0163-5964},
  doi     = {10/gf8t62},
  url     = {http://dl.acm.org/citation.cfm?id=1950380},
}

@InProceedings{appel_verified_2011,
  author    = {Appel, Andrew W.},
  title     = {Verified {Software} {Toolchain}},
  booktitle = {Programming {Languages} and {Systems}},
  year      = {2011},
  editor    = {Barthe, Gilles},
  series    = {Lecture {Notes} in {Computer} {Science}},
  pages     = {1--17},
  month     = apr,
  publisher = {Springer, Berlin, Heidelberg},
  isbn      = {978-3-642-19718-5},
}

@Article{coecke_interacting_2011,
  author     = {Coecke, Bob and Duncan, Ross},
  title      = {Interacting quantum observables: categorical algebra and diagrammatics},
  journal    = {New Journal of Physics},
  year       = {2011},
  volume     = {13},
  number     = {4},
  pages      = {043016},
  month      = apr,
  issn       = {1367-2630},
  doi        = {10/bphjvf},
  shorttitle = {Interacting quantum observables},
  url        = {https://doi.org/10.1088%2F1367-2630%2F13%2F4%2F043016},
}

@Article{dreyer_logical_2011,
  author  = {Dreyer, Derek and Ahmed, Amal and Birkedal, Lars},
  title   = {Logical {Step}-{Indexed} {Logical} {Relations}},
  journal = {Logical Methods in Computer Science},
  year    = {2011},
  volume  = {7},
  number  = {2},
  pages   = {16},
  month   = jun,
  issn    = {18605974},
  doi     = {10/d4tkqd},
  url     = {http://arxiv.org/abs/1103.0510},
}

@Article{tobin-hochstadt_design_2011,
  author     = {Tobin-Hochstadt, Sam and Felleisen, Matthias},
  title      = {The {Design} and {Implementation} of {Typed} {Scheme}: {From} {Scripts} to {Programs}},
  journal    = {arXiv:1106.2575 [cs]},
  year       = {2011},
  month      = jun,
  shorttitle = {The {Design} and {Implementation} of {Typed} {Scheme}},
  url        = {http://arxiv.org/abs/1106.2575},
}

@InCollection{razborov_communication_2011,
  author    = {Razborov, Alexander A.},
  title     = {Communication {Complexity}},
  booktitle = {An {Invitation} to {Mathematics}: {From} {Competitions} to {Research}},
  publisher = {Springer, Berlin, Heidelberg},
  year      = {2011},
  editor    = {Schleicher, Dierk and Lackmann, Malte},
  pages     = {97--117},
  address   = {Berlin, Heidelberg},
  isbn      = {978-3-642-19533-4},
  doi       = {10.1007/978-3-642-19533-4_8},
  url       = {https://doi.org/10.1007/978-3-642-19533-4_8},
}

@Article{flatt_creating_2012,
  author  = {Flatt, Matthew},
  title   = {Creating {Languages} in {Racket}},
  journal = {Communications of the ACM},
  year    = {2012},
  volume  = {55},
  number  = {1},
  pages   = {48--56},
  month   = jan,
  issn    = {0001-0782},
  doi     = {10/fztsgz},
  url     = {http://doi.acm.org/10.1145/2063176.2063195},
}

@Article{ying_floydhoare_2012,
  author  = {Ying, Mingsheng},
  title   = {Floyd--hoare {Logic} for {Quantum} {Programs}},
  journal = {ACM Transactions on Programming Languages and Systems},
  year    = {2012},
  volume  = {33},
  number  = {6},
  pages   = {19:1--19:49},
  month   = jan,
  issn    = {0164-0925},
  doi     = {10/fxjg9k},
  url     = {http://doi.acm.org/10.1145/2049706.2049708},
}

@InProceedings{jourdan_validating_2012,
  author    = {Jourdan, Jacques-Henri and Pottier, Fran{\c{c}}ois and Leroy, Xavier},
  title     = {Validating {LR}(1) {Parsers}},
  booktitle = {{ESOP} 2012 - {Programming} {Languages} and {Systems} - 21\textsuperscript{st} {European} {Symposium} on {Programming}},
  year      = {2012},
  editor    = {Seidl, Helmut},
  volume    = {7211},
  series    = {Lecture {Notes} in {Computer} {Science}},
  pages     = {397--416},
  address   = {Berlin, Heidelberg},
  month     = mar,
  publisher = {Springer-Verlag},
  doi       = {10/gf9gsj},
  isbn      = {978-3-642-28869-2},
  url       = {http://dx.doi.org/10.1007/978-3-642-28869-2_20},
}

@Article{spector_googles_2012,
  author  = {Spector, Alfred and Norvig, Peter and Petrov, Slav},
  title   = {Google's {Hybrid} {Approach} to {Research}},
  journal = {Communications of the ACM},
  year    = {2012},
  volume  = {55},
  number  = {7},
  pages   = {34--37},
  month   = jul,
  issn    = {0001-0782},
  doi     = {10/gfzwdm},
  url     = {http://doi.acm.org/10.1145/2209249.2209262},
}

@Article{mogul_what_2012,
  author  = {Mogul, Jeffrey C. and Popa, Lucian},
  title   = {What {We} {Talk} {About} when {We} {Talk} {About} {Cloud} {Network} {Performance}},
  journal = {ACM SIGCOMM Computer Communication Review},
  year    = {2012},
  volume  = {42},
  number  = {5},
  pages   = {44--48},
  month   = sep,
  issn    = {0146-4833},
  doi     = {10/gf8t63},
  url     = {http://doi.acm.org/10.1145/2378956.2378964},
}

@Article{chargueraud_locally_2012,
  author  = {Chargu{\'{e}}raud, Arthur},
  title   = {The {Locally} {Nameless} {Representation}},
  journal = {Journal of Automated Reasoning},
  year    = {2012},
  volume  = {49},
  number  = {3},
  pages   = {363--408},
  month   = oct,
  issn    = {1573-0670},
  doi     = {10/fjfg9q},
  url     = {https://doi.org/10.1007/s10817-011-9225-2},
}

@Article{horsman_surface_2012,
  author  = {Horsman, Clare and Fowler, Austin G. and Devitt, Simon and Meter, Rodney Van},
  title   = {Surface code quantum computing by lattice surgery},
  journal = {New Journal of Physics},
  year    = {2012},
  volume  = {14},
  number  = {12},
  pages   = {123011},
  month   = dec,
  issn    = {1367-2630},
  doi     = {10/gf8t34},
  url     = {https://doi.org/10.1088%2F1367-2630%2F14%2F12%2F123011},
}

@InProceedings{acar_core_2012,
  author    = {Acar, Umut A. and Ahmed, Amal and Cheney, James and Perera, Roly},
  title     = {A {Core} {Calculus} for {Provenance}},
  booktitle = {Principles of {Security} and {Trust}},
  year      = {2012},
  editor    = {Degano, Pierpaolo and Guttman, Joshua D.},
  series    = {Lecture {Notes} in {Computer} {Science}},
  pages     = {410--429},
  address   = {Berlin, Heidelberg},
  publisher = {Springer},
  doi       = {10/ggb9gf},
  isbn      = {978-3-642-28641-4},
}

@InProceedings{perera_functional_2012,
  author    = {Perera, Roly and Acar, Umut A. and Cheney, James and Levy, Paul Blain},
  title     = {Functional {Programs} {That} {Explain} {Their} {Work}},
  booktitle = {Proceedings of the 17\textsuperscript{th} {ACM} {SIGPLAN} {International} {Conference} on {Functional} {Programming}},
  year      = {2012},
  series    = {{ICFP} '12},
  pages     = {365--376},
  address   = {New York, NY, USA},
  publisher = {ACM},
  doi       = {10/ggb9gg},
  isbn      = {978-1-4503-1054-3},
  url       = {http://doi.acm.org/10.1145/2364527.2364579},
}

@InProceedings{green_introduction_2013,
  author    = {Green, Alexander S. and Lumsdaine, Peter LeFanu and Ross, Neil J. and Selinger, Peter and Valiron, Beno{\^{i}}t},
  title     = {An {Introduction} to {Quantum} {Programming} in {Quipper}},
  booktitle = {Reversible {Computation}},
  year      = {2013},
  editor    = {Dueck, Gerhard W. and Miller, D. Michael},
  volume    = {7948},
  series    = {Lecture {Notes} in {Computer} {Science}},
  pages     = {110--124},
  month     = apr,
  publisher = {Springer Berlin Heidelberg},
  doi       = {10/gf8sj5},
  isbn      = {978-3-642-38986-3},
  url       = {http://arxiv.org/abs/1304.5485},
}

@InProceedings{green_quipper:_2013,
  author     = {Green, Alexander S. and Lumsdaine, Peter LeFanu and Ross, Neil J. and Selinger, Peter and Valiron, Beno{\^{i}}t},
  title      = {Quipper: {A} {Scalable} {Quantum} {Programming} {Language}},
  booktitle  = {Proceedings of the 34\textsuperscript{th} {ACM} {SIGPLAN} {Conference} on {Programming} {Language} {Design} and {Implementation}},
  year       = {2013},
  volume     = {48},
  series     = {{PLDI} '13},
  pages      = {333--342},
  address    = {New York, NY, USA},
  month      = jun,
  publisher  = {ACM},
  doi        = {10/gf8t6q},
  isbn       = {978-1-4503-2014-6},
  shorttitle = {Quipper},
  url        = {http://doi.acm.org/10.1145/2491956.2462177},
}

@InProceedings{alizadeh_pfabric:_2013,
  author    = {Alizadeh, Mohammad and Yang, Shuang and Sharif, Milad and Katti, Sachin},
  title     = {{pFabric}: {Minimal} {Near}-{Optimal} {Datacenter} {Transport}},
  booktitle = {{ACM} {SIGCOMM}},
  year      = {2013},
  volume    = {43},
  pages     = {435--446},
  address   = {New York, New York, USA},
  publisher = {ACM},
  doi       = {10/gf8t64},
  isbn      = {978-1-4503-2056-6},
  url       = {http://dl.acm.org/citation.cfm?doid=2486001.2486031},
}

@InProceedings{caires_behavioral_2013,
  author    = {Caires, Lu??s and P??rez, Jorge A. and Pfenning, Frank and Toninho, Bernardo},
  title     = {Behavioral polymorphism and parametricity in session-based communication},
  booktitle = {Lecture {Notes} in {Computer} {Science} (including subseries {Lecture} {Notes} in {Artificial} {Intelligence} and {Lecture} {Notes} in {Bioinformatics})},
  year      = {2013},
  volume    = {7792 LNCS},
  pages     = {330--349},
  publisher = {Springer-Verlag},
  doi       = {10/gf8t65},
  isbn      = {978-3-642-37035-9},
  url       = {http://link.springer.com/10.1007/978-3-642-37036-6_19},
}

@InProceedings{carbin_verifying_2013,
  author    = {Carbin, Michael and Misailovic, Sasa and Rinard, Martin C.},
  title     = {Verifying {Quantitative} {Reliability} for {Programs} {That} {Execute} on {Unreliable} {Hardware}},
  booktitle = {Proceedings of the 2013 {ACM} {SIGPLAN} {International} {Conference} on {Object} {Oriented} {Programming} {Systems} {Languages} \& {Applications}},
  year      = {2013},
  series    = {{OOPSLA} '13},
  pages     = {33--52},
  address   = {New York, NY, USA},
  publisher = {ACM},
  doi       = {10/ggcf6z},
  isbn      = {978-1-4503-2374-1},
  url       = {http://doi.acm.org/10.1145/2509136.2509546},
}

@InProceedings{david_everything_2013,
  author    = {David, Tudor and Guerraoui, Rachid and Trigonakis, Vasileios},
  title     = {Everything {You} {Always} {Wanted} to {Know} {About} {Synchronization} but {Were} {Afraid} to {Ask}},
  booktitle = {Proceedings of the {Twenty}-{Fourth} {ACM} {Symposium} on {Operating} {Systems} {Principles}},
  year      = {2013},
  series    = {{SOSP} '13},
  pages     = {33--48},
  address   = {New York, NY, USA},
  publisher = {ACM},
  doi       = {10/gf8t66},
  isbn      = {978-1-4503-2388-8},
  url       = {http://doi.acm.org/10.1145/2517349.2522714},
}

@InProceedings{dinsdale-young_views:_2013,
  author     = {Dinsdale-Young, Thomas and Birkedal, Lars and Gardner, Philippa and Parkinson, Matthew and Yang, Hongseok},
  title      = {Views: {Compositional} {Reasoning} for {Concurrent} {Programs}},
  booktitle  = {Proceedings of the 40\textsuperscript{th} {Annual} {ACM} {SIGPLAN}-{SIGACT} {Symposium} on {Principles} of {Programming} {Languages}},
  year       = {2013},
  volume     = {48},
  series     = {{POPL} '13},
  pages      = {287--300},
  address    = {New York, NY, USA},
  publisher  = {ACM},
  doi        = {10/gf8t68},
  isbn       = {978-1-4503-1832-7},
  shorttitle = {Views},
  url        = {http://doi.acm.org/10.1145/2429069.2429104},
}

@Article{eriksen_your_2013,
  author  = {Eriksen, Marius},
  title   = {Your {Server} {As} a {Function}},
  journal = {Proceedings of the Seventh Workshop on Programming Languages and Operating Systems},
  year    = {2013},
  pages   = {5:1--5:7},
  issn    = {01635980},
  doi     = {10/gf8t67},
  url     = {http://doi.acm.org/10.1145/2525528.2525538},
}

@InProceedings{madhavapeddy_unikernels:_2013,
  author     = {Madhavapeddy, Anil and Mortier, Richard and Rotsos, Charalampos and Scott, David and Singh, Balraj and Gazagnaire, Thomas and Smith, Steven and Hand, Steven and Crowcroft, Jon},
  title      = {Unikernels: {Library} {Operating} {Systems} for the {Cloud}},
  booktitle  = {Proceedings of the {Eighteenth} {International} {Conference} on {Architectural} {Support} for {Programming} {Languages} and {Operating} {Systems}},
  year       = {2013},
  volume     = {48},
  series     = {{ASPLOS} '13},
  pages      = {461--472},
  address    = {New York, NY, USA},
  publisher  = {ACM},
  doi        = {10/gf8t69},
  isbn       = {978-1-4503-1870-9},
  shorttitle = {Unikernels},
  url        = {http://doi.acm.org/10.1145/2451116.2451167},
}

@PhdThesis{turon_understanding_2013,
  author = {Turon, Aaron},
  title  = {Understanding and {Expressing} {Scalable} {Concurrency}},
  school = {Northeastern University},
  year   = {2013},
}

@Article{sperber_commercial_2014,
  author  = {Sperber, Michael and Madhavapeddy, Anil},
  title   = {Commercial users of functional programming workshop report},
  journal = {Journal of Functional Programming},
  year    = {2014},
  volume  = {23},
  number  = {06},
  pages   = {701--712},
  month   = jan,
  issn    = {0956-7968},
  doi     = {10/gf8t7f},
  url     = {http://www.scopus.com/inward/record.url?eid=2-s2.0-84915802657&partnerID=tZOtx3y1},
}

@Article{veitch_resource_2014,
  author  = {Veitch, Victor and Mousavian, S. A. Hamed and Gottesman, Daniel and Emerson, Joseph},
  title   = {The resource theory of stabilizer quantum computation},
  journal = {New Journal of Physics},
  year    = {2014},
  volume  = {16},
  number  = {1},
  pages   = {013009},
  month   = jan,
  issn    = {1367-2630},
  doi     = {10/bw5g},
  url     = {https://doi.org/10.1088%2F1367-2630%2F16%2F1%2F013009},
}

@Article{feamster_road_2014,
  author  = {Feamster, Nick and Rexford, Jennifer and Zegura, Ellen},
  title   = {The road to {SDN}},
  journal = {ACM SIGCOMM Computer Communication Review},
  year    = {2014},
  volume  = {44},
  number  = {2},
  pages   = {87--98},
  month   = apr,
  issn    = {01464833},
  doi     = {10/f5zmk4},
  url     = {http://dl.acm.org/citation.cfm?doid=2602204.2602219},
}

@Article{chitambar_everything_2014,
  author  = {Chitambar, Eric and Leung, Debbie and Man{\v{c}}inska, Laura and Ozols, Maris and Winter, Andreas},
  title   = {Everything {You} {Always} {Wanted} to {Know} {About} {LOCC} ({But} {Were} {Afraid} to {Ask})},
  journal = {Communications in Mathematical Physics},
  year    = {2014},
  volume  = {328},
  number  = {1},
  pages   = {303--326},
  month   = may,
  issn    = {1432-0916},
  doi     = {10/f5z34n},
  url     = {https://doi.org/10.1007/s00220-014-1953-9},
}

@InProceedings{JavadiAbhari2014,
  author    = {JavadiAbhari, Ali and Patil, Shruti and Kudrow, Daniel and Heckey, Jeff and Lvov, Alexey and Chong, Frederic T. and Martonosi, Margaret},
  title     = {{ScaffCC}},
  booktitle = {Proceedings of the 11\textsuperscript{th} {ACM} {Conference} on {Computing} {Frontiers} - {CF} '14},
  year      = {2014},
  pages     = {1--10},
  address   = {New York, NY, USA},
  month     = may,
  publisher = {ACM},
  doi       = {10/gf8t6r},
  isbn      = {978-1-4503-2870-8},
  url       = {http://dl.acm.org/citation.cfm?doid=2597917.2597939},
}

@Article{howard_contextuality_2014,
  author  = {Howard, Mark and Wallman, Joel and Veitch, Victor and Emerson, Joseph},
  title   = {Contextuality supplies the {\textquoteleft}magic{\textquoteright} for quantum computation},
  journal = {Nature},
  year    = {2014},
  volume  = {510},
  number  = {7505},
  pages   = {351--355},
  month   = jun,
  issn    = {1476-4687},
  doi     = {10/f56t68},
  url     = {http://www.nature.com/articles/nature13460},
}

@InProceedings{184040,
  author    = {Ongaro, Diego and Ousterhout, John},
  title     = {In search of an understandable consensus algorithm},
  booktitle = {2014 {USENIX} annual technical conference ({USENIX} {ATC} 14)},
  year      = {2014},
  pages     = {305--319},
  address   = {Philadelphia, PA},
  month     = jun,
  publisher = {USENIX Association},
  isbn      = {978-1-931971-10-2},
  url       = {https://www.usenix.org/conference/atc14/technical-sessions/presentation/ongaro},
}

@InProceedings{liu_dynamic-sized_2014,
  author    = {Liu, Yujie and Zhang, Kunlong and Spear, Michael},
  title     = {Dynamic-sized nonblocking hash tables},
  booktitle = {Proceedings of the 2014 {ACM} symposium on {Principles} of distributed computing - {PODC} '14},
  year      = {2014},
  pages     = {242--251},
  address   = {New York, New York, USA},
  month     = jul,
  publisher = {ACM},
  doi       = {10/gf8t7g},
  isbn      = {978-1-4503-2944-6},
  url       = {http://dl.acm.org/citation.cfm?id=2611462.2611495},
}

@Article{backens_zx-calculus_2014-1,
  author  = {Backens, Miriam},
  title   = {The {ZX}-calculus is complete for stabilizer quantum mechanics},
  journal = {New Journal of Physics},
  year    = {2014},
  volume  = {16},
  number  = {9},
  pages   = {093021},
  month   = sep,
  issn    = {1367-2630},
  doi     = {10/gf8t35},
  url     = {http://arxiv.org/abs/1307.7025},
}

@Article{baumgratz_quantifying_2014,
  author  = {Baumgratz, T. and Cramer, M. and Plenio, M.\hspace{0.167em}B.},
  title   = {Quantifying {Coherence}},
  journal = {Physical Review Letters},
  year    = {2014},
  volume  = {113},
  number  = {14},
  pages   = {140401},
  month   = sep,
  issn    = {0031-9007, 1079-7114},
  doi     = {10/gcsjd5},
  url     = {https://link.aps.org/doi/10.1103/PhysRevLett.113.140401},
}

@Article{vazirani_fully_2014,
  author  = {Vazirani, Umesh and Vidick, Thomas},
  title   = {Fully {Device}-{Independent} {Quantum} {Key} {Distribution}},
  journal = {Physical Review Letters},
  year    = {2014},
  volume  = {113},
  number  = {14},
  pages   = {140501},
  month   = sep,
  issn    = {0031-9007, 1079-7114},
  doi     = {10/gd4wrx},
  url     = {https://link.aps.org/doi/10.1103/PhysRevLett.113.140501},
}

@InProceedings{chakrabarti_atlas:_2014,
  author     = {Chakrabarti, Dhruva R. and Boehm, Hans-J. and Bhandari, Kumud},
  title      = {Atlas: {Leveraging} {Locks} for {Non}-volatile {Memory} {Consistency}},
  booktitle  = {Proceedings of the 2014 {ACM} {International} {Conference} on {Object} {Oriented} {Programming} {Systems} {Languages} \& {Applications}},
  year       = {2014},
  volume     = {49},
  series     = {{OOPSLA} '14},
  pages      = {433--452},
  address    = {New York, NY, USA},
  month      = oct,
  publisher  = {ACM},
  doi        = {10/gf8sk9},
  isbn       = {978-1-4503-2585-1},
  shorttitle = {Atlas},
  url        = {http://doi.acm.org/10.1145/2660193.2660224},
}

@Article{backens_zx-calculus_2014,
  author  = {Backens, Miriam},
  title   = {The {ZX}-calculus is complete for the single-qubit {Clifford}+{T} group},
  journal = {Electronic Proceedings in Theoretical Computer Science},
  year    = {2014},
  volume  = {172},
  pages   = {293--303},
  month   = dec,
  issn    = {2075-2180},
  doi     = {10/gf8t33},
  url     = {http://arxiv.org/abs/1412.8553},
}

@Article{bennett_quantum_2014,
  author     = {Bennett, Charles H. and Brassard, Gilles},
  title      = {Quantum cryptography: {Public} key distribution and coin tossing},
  journal    = {Theoretical Computer Science},
  year       = {2014},
  volume     = {560},
  pages      = {7--11},
  month      = dec,
  issn       = {0304-3975},
  doi        = {10/3d6},
  series     = {Theoretical {Aspects} of {Quantum} {Cryptography} -- celebrating 30 years of {BB}84},
  shorttitle = {Quantum cryptography},
  url        = {http://www.sciencedirect.com/science/article/pii/S0304397514004241},
}

@Article{duncan_verifying_2014,
  author  = {Duncan, Ross and Lucas, Maxime},
  title   = {Verifying the {Steane} code with {Quantomatic}},
  journal = {Electronic Proceedings in Theoretical Computer Science},
  year    = {2014},
  volume  = {171},
  pages   = {33--49},
  month   = dec,
  issn    = {2075-2180},
  doi     = {10/ggch75},
  url     = {http://arxiv.org/abs/1306.4532},
}

@InProceedings{boehm_outlawing_2014,
  author    = {Boehm, Hans-J. and Demsky, Brian},
  title     = {Outlawing ghosts},
  booktitle = {Proceedings of the workshop on {Memory} {Systems} {Performance} and {Correctness} - {MSPC} '14},
  year      = {2014},
  pages     = {1--6},
  address   = {New York, New York, USA},
  publisher = {ACM},
  doi       = {10/gf8t7b},
  isbn      = {978-1-4503-2917-0},
  url       = {http://dl.acm.org/citation.cfm?doid=2618128.2618134},
}

@InProceedings{bornholt_uncertain:_2014,
  author     = {Bornholt, James and Mytkowicz, Todd and McKinley, Kathryn S.},
  title      = {Uncertain{\textless}{T}{\textgreater}: {A} {First}-order {Type} for {Uncertain} {Data}},
  booktitle  = {Proceedings of the 19\textsuperscript{th} {International} {Conference} on {Architectural} {Support} for {Programming} {Languages} and {Operating} {Systems}},
  year       = {2014},
  series     = {{ASPLOS} '14},
  pages      = {51--66},
  address    = {New York, NY, USA},
  publisher  = {ACM},
  doi        = {10/ggcf6x},
  isbn       = {978-1-4503-2305-5},
  shorttitle = {Uncertain{\textless}{T}{\textgreater}},
  url        = {http://doi.acm.org/10.1145/2541940.2541958},
}

@InCollection{coecke_logic_2014,
  author    = {Coecke, Bob},
  title     = {The {Logic} of {Entanglement}},
  booktitle = {Horizons of the {Mind}. {A} {Tribute} to {Prakash} {Panangaden}: {Essays} {Dedicated} to {Prakash} {Panangaden} on the {Occasion} of {His} 60\textsuperscript{th} {Birthday}},
  publisher = {Springer International Publishing},
  year      = {2014},
  editor    = {van Breugel, Franck and Kashefi, Elham and Palamidessi, Catuscia and Rutten, Jan},
  series    = {Lecture {Notes} in {Computer} {Science}},
  pages     = {250--267},
  address   = {Cham},
  isbn      = {978-3-319-06880-0},
  doi       = {10.1007/978-3-319-06880-0_13},
  url       = {https://doi.org/10.1007/978-3-319-06880-0_13},
}

@Article{madhavapeddy_unikernels_2014,
  author  = {Madhavapeddy, Anil and Scott, David J.},
  title   = {Unikernels},
  journal = {Communications of the ACM},
  year    = {2014},
  volume  = {57},
  number  = {1},
  pages   = {61--69},
  issn    = {00010782},
  doi     = {10/gf8t7c},
  pmid    = {93471651},
  url     = {http://dl.acm.org/citation.cfm?doid=2541883.2541895},
}

@InProceedings{ramsey_teaching_2014,
  author     = {Ramsey, Norman},
  title      = {On {Teaching} *{How} to {Design} {Programs}*: {Observations} from a {Newcomer}},
  booktitle  = {Proceedings of the 19\textsuperscript{th} {ACM} {SIGPLAN} {International} {Conference} on {Functional} {Programming}},
  year       = {2014},
  series     = {{ICFP} '14},
  pages      = {153--166},
  address    = {New York, NY, USA},
  publisher  = {ACM},
  doi        = {10/ggd396},
  isbn       = {978-1-4503-2873-9},
  shorttitle = {On {Teaching} *{How} to {Design} {Programs}*},
  url        = {http://doi.acm.org/10.1145/2628136.2628137},
}

@InProceedings{turon_gps:_2014,
  author     = {Turon, Aaron and Vafeiadis, Viktor and Dreyer, Derek},
  title      = {{GPS}: {Navigating} {Weak} {Memory} with {Ghosts}, {Protocols}, and {Separation}},
  booktitle  = {Proceedings of the 2014 {ACM} {International} {Conference} on {Object} {Oriented} {Programming} {Systems} {Languages} \& {Applications}},
  year       = {2014},
  volume     = {49},
  series     = {{OOPSLA} '14},
  pages      = {691--707},
  address    = {New York, NY, USA},
  publisher  = {ACM},
  doi        = {10/gf8t7d},
  isbn       = {978-1-4503-2585-1},
  shorttitle = {{GPS}},
  url        = {http://doi.acm.org/10.1145/2660193.2660243},
}

@InProceedings{gramoli_more_2015,
  author    = {Gramoli, Vincent},
  title     = {More than you ever wanted to know about synchronization: synchrobench, measuring the impact of the synchronization on concurrent algorithms},
  booktitle = {Proceedings of the 20\textsuperscript{th} {ACM} {SIGPLAN} {Symposium} on {Principles} and {Practice} of {Parallel} {Programming} - {PPoPP} 2015},
  year      = {2015},
  pages     = {1--10},
  address   = {New York, New York, USA},
  month     = jan,
  publisher = {ACM},
  doi       = {10/gf8t7n},
  isbn      = {978-1-4503-3205-7},
  url       = {http://dl.acm.org/citation.cfm?id=2688500.2688501},
}

@InProceedings{jung_iris:_2015,
  author     = {Jung, Ralf and Swasey, David and Sieczkowski, Filip and Svendsen, Kasper and Turon, Aaron and Birkedal, Lars and Dreyer, Derek},
  title      = {Iris: {Monoids} and {Invariants} as an {Orthogonal} {Basis} for {Concurrent} {Reasoning}},
  booktitle  = {Proceedings of the 42\textsuperscript{Nd} {Annual} {ACM} {SIGPLAN}-{SIGACT} {Symposium} on {Principles} of {Programming} {Languages}},
  year       = {2015},
  volume     = {50},
  series     = {{POPL} '15},
  pages      = {637--650},
  address    = {New York, NY, USA},
  month      = jan,
  publisher  = {ACM},
  doi        = {10/gf8t7m},
  isbn       = {978-1-4503-3300-9},
  shorttitle = {Iris},
  url        = {http://doi.acm.org/10.1145/2676726.2676980},
}

@InProceedings{nelson_simon_2015,
  author    = {Nelson, Tim and Yu, Da and Li, Yiming and Fonseca, Rodrigo and Krishnamurthi, Shriram},
  title     = {Simon},
  booktitle = {Proceedings of the 1\textsuperscript{st} {ACM} {SIGCOMM} {Symposium} on {Software} {Defined} {Networking} {Research} - {SOSR} '15},
  year      = {2015},
  pages     = {1--7},
  address   = {New York, New York, USA},
  month     = jun,
  publisher = {ACM},
  doi       = {10/gf8t7p},
  isbn      = {978-1-4503-3451-8},
  url       = {http://dl.acm.org/citation.cfm?id=2774993.2774994},
}

@Article{Valiron2015,
  author  = {Valiron, Beno{\^{i}}t and Ross, Neil J. and Selinger, Peter and Alexander, D. Scott and Smith, Jonathan M.},
  title   = {Programming the quantum future},
  journal = {Communications of the ACM},
  year    = {2015},
  volume  = {58},
  number  = {8},
  pages   = {52--61},
  month   = jul,
  issn    = {0001-0782},
  doi     = {10/f7m2tx},
  url     = {http://dl.acm.org/citation.cfm?doid=2808213.2699415},
}

@InProceedings{mace_pivot_2015,
  author    = {Mace, Jonathan and Roelke, Ryan and Fonseca, Rodrigo},
  title     = {Pivot tracing},
  booktitle = {Proceedings of the 25\textsuperscript{th} {Symposium} on {Operating} {Systems} {Principles} - {SOSP} '15},
  year      = {2015},
  pages     = {378--393},
  address   = {New York, New York, USA},
  month     = oct,
  publisher = {ACM},
  doi       = {10/gf8t7q},
  isbn      = {978-1-4503-3834-9},
  url       = {http://dl.acm.org/citation.cfm?id=2815400.2815415},
}

@PhdThesis{ross_algebraic_2015,
  author  = {Ross, Neil J.},
  title   = {Algebraic and {Logical} {Methods} in {Quantum} {Computation}},
  school  = {Dalhousie University},
  year    = {2015},
  type    = {{PhD} {Thesis}},
  address = {Halifax, Canada},
  month   = oct,
  url     = {http://arxiv.org/abs/1510.02198},
}

@Article{Wadler2015,
  author  = {Wadler, Philip},
  title   = {Propositions as types},
  journal = {Communications of the ACM},
  year    = {2015},
  volume  = {58},
  number  = {12},
  pages   = {75--84},
  month   = nov,
  issn    = {00010782},
  doi     = {10/bd28},
  url     = {http://dl.acm.org/citation.cfm?doid=2847579.2699407},
}

@InCollection{ahmed_verified_2015,
  author    = {Ahmed, Amal},
  title     = {Verified {Compilers} for a {Multi}-{Language} {World}},
  booktitle = {Lecture {Notes} in {Computer} {Science} (including subseries {Lecture} {Notes} in {Artificial} {Intelligence} and {Lecture} {Notes} in {Bioinformatics})},
  publisher = {Dagstuhl Publishing, Germany},
  year      = {2015},
  volume    = {8410 LNCS},
  pages     = {128--148},
  isbn      = {978-3-939897-80-4},
  doi       = {10.4230/LIPIcs.SNAPL.2015.15},
  url       = {http://link.springer.com/10.1007/978-3-642-54833-8_8},
}

@InProceedings{felleisen_racket_2015,
  author    = {Felleisen, Matthias and Findler, Robert Bruce and Flatt, Matthew and Krishnamurthi, Shriram and Barzilay, Eli and Mccarthy, Jay and Tobin-hochstadt, Sam},
  title     = {The {Racket} {Manifesto}},
  booktitle = {1\textsuperscript{st} {Summit} on {Advances} in {Programming} {Languages} ({SNAPL} 2015)},
  year      = {2015},
  volume    = {32},
  series    = {Leibniz {International} {Proceedings} in {Informatics} ({LIPIcs})},
  pages     = {113--128},
  address   = {Dagstuhl, Germany},
  publisher = {Schloss Dagstuhl--Leibniz-Zentrum fuer Informatik},
  doi       = {10/gf8t7h},
  isbn      = {978-3-939897-80-4},
  url       = {http://drops.dagstuhl.de/opus/volltexte/2015/5021},
}

@InProceedings{levy_ownership_2015,
  author    = {Levy, Amit and Andersen, Michael P. and Campbell, Bradford and Culler, David and Dutta, Prabal and Ghena, Branden and Levis, Philip and Pannuto, Pat},
  title     = {Ownership is theft},
  booktitle = {Proceedings of the 8\textsuperscript{th} {Workshop} on {Programming} {Languages} and {Operating} {Systems} - {PLOS} '15},
  year      = {2015},
  pages     = {21--26},
  address   = {New York, New York, USA},
  publisher = {ACM},
  doi       = {10/gf8t7j},
  isbn      = {978-1-4503-3942-1},
  url       = {http://dl.acm.org/citation.cfm?doid=2818302.2818306},
}

@PhdThesis{light2015reenix,
  author = {Light, Alex},
  title  = {Reenix: {Implementing} a {Unix}-{Like} {Operating} {System} in {Rust}},
  school = {Brown University, Department of Computer Science},
  year   = {2015},
  type   = {Master{\textquoteright}s thesis},
}

@InProceedings{matsuda_applicative_2015,
  author    = {Matsuda, Kazutaka and Wang, Meng},
  title     = {Applicative {Bidirectional} {Programming} with {Lenses}},
  booktitle = {Proceedings of the 20\textsuperscript{th} {ACM} {SIGPLAN} {International} {Conference} on {Functional} {Programming}},
  year      = {2015},
  series    = {{ICFP} 2015},
  pages     = {62--74},
  address   = {New York, NY, USA},
  publisher = {ACM},
  doi       = {10/ggb9f7},
  isbn      = {978-1-4503-3669-7},
  url       = {http://doi.acm.org/10.1145/2784731.2784750},
}

@InProceedings{osera_type-and-example-directed_2015,
  author    = {Osera, Peter-Michael and Zdancewic, Steve},
  title     = {Type-and-example-directed {Program} {Synthesis}},
  booktitle = {Proceedings of the 36\textsuperscript{th} {ACM} {SIGPLAN} {Conference} on {Programming} {Language} {Design} and {Implementation}},
  year      = {2015},
  series    = {{PLDI} '15},
  pages     = {619--630},
  address   = {New York, NY, USA},
  publisher = {ACM},
  doi       = {10/ggb9f6},
  isbn      = {978-1-4503-3468-6},
  url       = {http://doi.acm.org/10.1145/2737924.2738007},
}

@InProceedings{rastogi_safe_2015,
  author    = {Rastogi, Aseem and Swamy, Nikhil and Fournet, C{\'{e}}dric and Bierman, Gavin and Vekris, Panagiotis},
  title     = {Safe \& {Efficient} {Gradual} {Typing} for {TypeScript}},
  booktitle = {Proceedings of the 42\textsuperscript{Nd} {Annual} {ACM} {SIGPLAN}-{SIGACT} {Symposium} on {Principles} of {Programming} {Languages}},
  year      = {2015},
  series    = {{POPL} '15},
  pages     = {167--180},
  address   = {New York, NY, USA},
  publisher = {ACM},
  doi       = {10.1145/2676726.2676971},
  isbn      = {978-1-4503-3300-9},
  url       = {http://doi.acm.org/10.1145/2676726.2676971},
}

@InProceedings{siek_et_al:LIPIcs:2015:5031,
  author    = {Siek, Jeremy G. and Vitousek, Michael M. and Cimini, Matteo and Boyland, John Tang},
  title     = {Refined {Criteria} for {Gradual} {Typing}},
  booktitle = {1\textsuperscript{st} summit on advances in programming languages ({SNAPL} 2015)},
  year      = {2015},
  editor    = {Ball, Thomas and Bodik, Rastislav and Krishnamurthi, Shriram and Lerner, Benjamin S. and Morrisett, Greg},
  volume    = {32},
  series    = {Leibniz international proceedings in informatics ({LIPIcs})},
  pages     = {274--293},
  address   = {Dagstuhl, Germany},
  publisher = {Schloss Dagstuhl--Leibniz-Zentrum fuer Informatik},
  doi       = {10/ggb9cx},
  isbn      = {978-3-939897-80-4},
  url       = {http://drops.dagstuhl.de/opus/volltexte/2015/5031},
}

@Article{liu_theorem_2016,
  author  = {Liu, Tao and Li, Yangjia and Wang, Shuling and Ying, Mingsheng and Zhan, Naijun},
  title   = {A {Theorem} {Prover} for {Quantum} {Hoare} {Logic} and {Its} {Applications}},
  journal = {arXiv:1601.03835 [cs]},
  year    = {2016},
  month   = jan,
  url     = {http://arxiv.org/abs/1601.03835},
}

@Article{binnig_end_2016,
  author  = {Binnig, Carsten and Crotty, Andrew and Galakatos, Alex and Kraska, Tim and Zamanian, Erfan},
  title   = {The end of slow networks},
  journal = {Proceedings of the VLDB Endowment},
  year    = {2016},
  volume  = {9},
  number  = {7},
  pages   = {528--539},
  month   = mar,
  issn    = {21508097},
  doi     = {10/gf8t7v},
  url     = {http://dl.acm.org/citation.cfm?doid=2904483.2904485},
}

@TechReport{rand_verification_2016,
  author      = {Rand, Robert},
  title       = {Verification {Logics} for {Quantum} {Programs}},
  institution = {University of Pennsylvania},
  year        = {2016},
  month       = mar,
  pages       = {42},
  url         = {http://arxiv.org/abs/1904.04304},
}

@Book{ying_foundations_2016,
  title     = {Foundations of quantum programming},
  publisher = {Morgan Kaufmann, an imprint of Elsevier},
  year      = {2016},
  author    = {Ying, Mingsheng},
  address   = {Cambridge, MA},
  month     = mar,
  isbn      = {978-0-12-802546-8 978-0-12-802306-8},
  url       = {http://public.eblib.com/choice/publicfullrecord.aspx?p=4460281},
}

@Article{chitambar_relating_2016,
  author  = {Chitambar, Eric and Hsieh, Min-Hsiu},
  title   = {Relating the {Resource} {Theories} of {Entanglement} and {Quantum} {Coherence}},
  journal = {Physical Review Letters},
  year    = {2016},
  volume  = {117},
  number  = {2},
  pages   = {020402},
  month   = jul,
  issn    = {0031-9007, 1079-7114},
  doi     = {10/gf8wdh},
  url     = {https://link.aps.org/doi/10.1103/PhysRevLett.117.020402},
}

@Article{brookes_concurrent_2016,
  author  = {Brookes, Stephen and O'Hearn, Peter W.},
  title   = {Concurrent {Separation} {Logic}},
  journal = {ACM SIGLOG News},
  year    = {2016},
  volume  = {3},
  number  = {3},
  pages   = {47--65},
  month   = aug,
  issn    = {2372-3491},
  doi     = {10.1145/2984450.2984457},
  url     = {http://doi.acm.org/10.1145/2984450.2984457},
}

@InProceedings{jung_higher-order_2016,
  author    = {Jung, Ralf and Krebbers, Robbert and Birkedal, Lars and Dreyer, Derek},
  title     = {Higher-{Order} {Ghost} {State}},
  booktitle = {Proceedings of the 21\textsuperscript{st} {ACM} {SIGPLAN} {International} {Conference} on {Functional} {Programming} - {ICFP} 2016},
  year      = {2016},
  volume    = {51},
  pages     = {1--13},
  month     = sep,
  publisher = {ACM},
  doi       = {10/gf8t7z},
  isbn      = {978-1-4503-4219-3},
  url       = {http://dl.acm.org/citation.cfm?doid=3022670.2951943},
}

@Article{coecke_mathematical_2016,
  author  = {Coecke, Bob and Fritz, Tobias and Spekkens, Robert W.},
  title   = {A mathematical theory of resources},
  journal = {Information and Computation},
  year    = {2016},
  volume  = {250},
  number  = {C},
  pages   = {59--86},
  month   = oct,
  issn    = {0890-5401},
  doi     = {10/bwpn},
  series  = {Quantum {Physics} and {Logic}},
  url     = {http://www.sciencedirect.com/science/article/pii/S0890540116000353},
}

@InProceedings{toman_crust:_2016,
  author    = {Toman, John and Pernsteiner, Stuart and Torlak, Emina},
  title     = {Crust: {A} bounded verifier for rust},
  booktitle = {Proceedings - 2015 30\textsuperscript{th} {IEEE}/{ACM} {International} {Conference} on {Automated} {Software} {Engineering}, {ASE} 2015},
  year      = {2016},
  pages     = {75--80},
  month     = nov,
  publisher = {IEEE},
  doi       = {10/gf8t7w},
  isbn      = {978-1-5090-0024-1},
  url       = {http://ieeexplore.ieee.org/document/7371997/},
}

@Article{boehm_persistence_2016,
  author  = {Boehm, Hans-J. and Chakrabarti, Dhruva R.},
  title   = {Persistence programming models for non-volatile memory},
  journal = {Proceedings of the 2016 ACM SIGPLAN International Symposium on Memory Management - ISMM 2016},
  year    = {2016},
  pages   = {55--67},
  doi     = {10/gf8t7r},
  url     = {http://dl.acm.org/citation.cfm?doid=2926697.2926704},
}

@InProceedings{garcia_abstracting_2016,
  author    = {Garcia, Ronald and Clark, Alison M. and Tanter, {{\'{E}}}ric},
  title     = {Abstracting {Gradual} {Typing}},
  booktitle = {Proceedings of the 43\textsuperscript{rd} {Annual} {ACM} {SIGPLAN}-{SIGACT} {Symposium} on {Principles} of {Programming} {Languages}},
  year      = {2016},
  series    = {{POPL} '16},
  pages     = {429--442},
  address   = {New York, NY, USA},
  publisher = {ACM},
  doi       = {10/ggb9gd},
  isbn      = {978-1-4503-3549-2},
  url       = {http://doi.acm.org/10.1145/2837614.2837670},
}

@InProceedings{garnock-jones_coordinated_2016,
  author    = {Garnock-Jones, Tony and Felleisen, Matthias},
  title     = {Coordinated concurrent programming in syndicate},
  booktitle = {Lecture {Notes} in {Computer} {Science} (including subseries {Lecture} {Notes} in {Artificial} {Intelligence} and {Lecture} {Notes} in {Bioinformatics})},
  year      = {2016},
  volume    = {9632},
  pages     = {310--336},
  publisher = {Springer, Berlin, Heidelberg},
  doi       = {10/gf8t7s},
  isbn      = {978-3-662-49497-4},
  url       = {http://link.springer.com/10.1007/978-3-662-49498-1_13},
}

@InProceedings{gu_certikos:_2016,
  author     = {Gu, Ronghui and Shao, Zhong and Chen, Hao and Wu, Xiongnan and Kim, Jieung and Sj{\"{o}}berg, Vilhelm and Costanzo, David},
  title      = {{CertiKOS}: {An} {Extensible} {Architecture} for {Building} {Certified} {Concurrent} {OS} {Kernels}},
  booktitle  = {Proceedings of the 12\textsuperscript{th} {USENIX} {Conference} on {Operating} {Systems} {Design} and {Implementation}},
  year       = {2016},
  series     = {{OSDI}'16},
  pages      = {653--669},
  address    = {Berkeley, CA, USA},
  publisher  = {USENIX Association},
  isbn       = {978-1-931971-33-1},
  shorttitle = {{CertiKOS}},
  url        = {http://dl.acm.org/citation.cfm?id=3026877.3026928},
}

@Book{harper_practical_2016,
  title     = {Practical {Foundations} for {Programming} {Languages}},
  publisher = {Cambridge University Press},
  year      = {2016},
  author    = {Harper, Robert},
  address   = {New York, NY, USA},
  edition   = {2\textsuperscript{nd}},
  isbn      = {978-1-107-15030-0},
  doi       = {10.1017/CBO9781316576892},
}

@Article{izraelevitz_linearizability_2016,
  author  = {Izraelevitz, Joseph and Mendes, Hammurabi and Scott, Michael L.},
  title   = {Linearizability of {Persistent} {Memory} {Objects} {Under} a {Full}-{System}-{Crash} {Failure} {Model}},
  journal = {Distributed Computing},
  year    = {2016},
  volume  = {4731},
  pages   = {403--419},
  issn    = {0302-9743},
  doi     = {10/chhb9b},
  pmid    = {25246403},
  url     = {http://www.springerlink.com/content/92747v720hq1g5m5},
}

@InProceedings{polikarpova_program_2016,
  author    = {Polikarpova, Nadia and Kuraj, Ivan and Solar-Lezama, Armando},
  title     = {Program {Synthesis} from {Polymorphic} {Refinement} {Types}},
  booktitle = {Proceedings of the 37\textsuperscript{th} {ACM} {SIGPLAN} {Conference} on {Programming} {Language} {Design} and {Implementation}},
  year      = {2016},
  series    = {{PLDI} '16},
  pages     = {522--538},
  address   = {New York, NY, USA},
  publisher = {ACM},
  doi       = {10/gf8nm2},
  isbn      = {978-1-4503-4261-2},
  url       = {http://doi.acm.org/10.1145/2908080.2908093},
}

@Article{cardwell_bbr:_2017,
  author  = {Cardwell, Neal and Cheng, Yuchung and Gunn, C. Stephen and Yeganeh, Soheil Hassas and {Van Jacobson}},
  title   = {{BBR}: congestion-based congestion control},
  journal = {Communications of the ACM},
  year    = {2017},
  volume  = {60},
  number  = {2},
  pages   = {58--66},
  month   = jan,
  issn    = {00010782},
  doi     = {10/gf8t73},
  url     = {http://dl.acm.org/citation.cfm?doid=3042068.3009824},
}

@InProceedings{paykin_qwire:_2017,
  author    = {Paykin, Jennifer and Rand, Robert and Zdancewic, Steve},
  title     = {{QWIRE}: a core language for quantum circuits},
  booktitle = {Proceedings of the 44\textsuperscript{th} {ACM} {SIGPLAN} {Symposium} on {Principles} of {Programming} {Languages} ({POPL} 2017)},
  year      = {2017},
  pages     = {846--858},
  address   = {New York, NY, USA},
  month     = jan,
  publisher = {ACM},
  doi       = {10/gf8t6s},
  isbn      = {978-1-4503-4660-3},
  url       = {http://dl.acm.org/citation.cfm?doid=3009837.3009894},
}

@Article{howard_application_2017,
  author  = {Howard, Mark and Campbell, Earl},
  title   = {Application of a {Resource} {Theory} for {Magic} {States} to {Fault}-{Tolerant} {Quantum} {Computing}},
  journal = {Physical Review Letters},
  year    = {2017},
  volume  = {118},
  number  = {9},
  pages   = {090501},
  month   = mar,
  issn    = {0031-9007, 1079-7114},
  doi     = {10/f9t4hd},
  url     = {https://link.aps.org/doi/10.1103/PhysRevLett.118.090501},
}

@Article{streltsov_towards_2017,
  author  = {Streltsov, Alexander and Rana, Swapan and Bera, Manabendra Nath and Lewenstein, Maciej},
  title   = {Towards {Resource} {Theory} of {Coherence} in {Distributed} {Scenarios}},
  journal = {Physical Review X},
  year    = {2017},
  volume  = {7},
  number  = {1},
  pages   = {011024},
  month   = mar,
  issn    = {2160-3308},
  doi     = {10/f9wfjw},
  url     = {https://link.aps.org/doi/10.1103/PhysRevX.7.011024},
}

@Article{de_beaudrap_zx_2017,
  author  = {de Beaudrap, Niel and Horsman, Dominic},
  title   = {The {ZX} calculus is a language for surface code lattice surgery},
  journal = {arXiv:1704.08670 [quant-ph]},
  year    = {2017},
  month   = apr,
  url     = {http://arxiv.org/abs/1704.08670},
}

@InProceedings{paolini_qpcf:_2017,
  author     = {Paolini, Luca and Zorzi, Margherita},
  title      = {{qPCF}: {A} {Language} for {Quantum} {Circuit} {Computations}},
  booktitle  = {Theory and {Applications} of {Models} of {Computation}},
  year       = {2017},
  editor     = {Gopal, T.V. and J{\"{a}}ger, Gerhard and Steila, Silvia},
  series     = {Lecture {Notes} in {Computer} {Science}},
  pages      = {455--469},
  month      = apr,
  publisher  = {Springer International Publishing},
  isbn       = {978-3-319-55911-7},
  shorttitle = {\$\${\textbackslash}mathsf \{{qPCF}\}\$\$},
}

@Article{cross_open_2017,
  author  = {Cross, Andrew W. and Bishop, Lev S. and Smolin, John A. and Gambetta, Jay M.},
  title   = {Open {Quantum} {Assembly} {Language}},
  journal = {arXiv:1707.03429 [quant-ph]},
  year    = {2017},
  month   = jul,
  url     = {http://arxiv.org/abs/1707.03429},
}

@InProceedings{rand_qwire_2017,
  author     = {Rand, Robert and Paykin, Jennifer and Zdancewic, Steve},
  title      = {{QWIRE} {Practice}: {Formal} {Verification} of {Quantum} {Circuits} in {Coq}},
  booktitle  = {Proceedings 14\textsuperscript{th} {International} {Conference} on {Quantum} {Physics} and {Logic} ({QPL} 2017)},
  year       = {2017},
  pages      = {119--132},
  address    = {Waterloo, NSW, Australia},
  month      = jul,
  publisher  = {Open Publishing Association},
  doi        = {10/gf8skv},
  shorttitle = {{QWIRE} {Practice}},
  url        = {https://doi.org/10.4204/EPTCS.266.8},
}

@InProceedings{rios_categorical_2017,
  author    = {Rios, Francisco and Selinger, Peter},
  title     = {A {Categorical} {Model} for a {Quantum} {Circuit} {Description} {Language} ({Extended} {Abstract})},
  booktitle = {Proceedings 14\textsuperscript{th} international conference on quantum physics and logic, {QPL} 2017},
  year      = {2017},
  pages     = {164--178},
  address   = {Waterloo, NSW, Australia},
  month     = jul,
  publisher = {Open Publishing Association},
  doi       = {10/gf8skw},
  url       = {https://doi.org/10.4204/EPTCS.266.11},
}

@Article{ahmed_theorems_2017,
  author     = {Ahmed, Amal and Jamner, Dustin and Siek, Jeremy G. and Wadler, Philip},
  title      = {Theorems for {Free} for {Free}: {Parametricity}, with and {Without} {Types}},
  journal    = {Proc. ACM Program. Lang.},
  year       = {2017},
  volume     = {1},
  number     = {ICFP},
  pages      = {39:1--39:28},
  month      = aug,
  issn       = {2475-1421},
  doi        = {10/ggb9f9},
  shorttitle = {Theorems for {Free} for {Free}},
  url        = {http://doi.acm.org/10.1145/3110283},
}

@Article{igarashi_gradual_2017,
  author  = {Igarashi, Atsushi and Thiemann, Peter and Vasconcelos, Vasco T. and Wadler, Philip},
  title   = {Gradual {Session} {Types}},
  journal = {Proc. ACM Program. Lang.},
  year    = {2017},
  volume  = {1},
  number  = {ICFP},
  pages   = {38:1--38:28},
  month   = aug,
  issn    = {2475-1421},
  doi     = {10.1145/3110282},
  url     = {http://doi.acm.org/10.1145/3110282},
}

@Article{bermejo-vega_contextuality_2017,
  author  = {Bermejo-Vega, Juan and Delfosse, Nicolas and Browne, Dan E. and Okay, Cihan and Raussendorf, Robert},
  title   = {Contextuality as a {Resource} for {Models} of {Quantum} {Computation} with {Qubits}},
  journal = {Physical Review Letters},
  year    = {2017},
  volume  = {119},
  number  = {12},
  pages   = {120505},
  month   = sep,
  doi     = {10/gcvdc6},
  url     = {https://link.aps.org/doi/10.1103/PhysRevLett.119.120505},
}

@Article{biamonte_quantum_2017,
  author    = {Biamonte, Jacob and Wittek, Peter and Pancotti, Nicola and Rebentrost, Patrick and Wiebe, Nathan and Lloyd, Seth},
  title     = {Quantum {Machine} {Learning}},
  journal   = {Nature},
  year      = {2017},
  volume    = {549},
  number    = {7671},
  pages     = {195--202},
  month     = sep,
  issn      = {1476-4687},
  copyright = {2017 Nature Publishing Group},
  doi       = {10/gctpfv},
  url       = {https://www.nature.com/articles/nature23474},
}

@Article{Chong2017,
  author  = {Chong, Frederic T. and Franklin, Diana and Martonosi, Margaret},
  title   = {Programming languages and compiler design for realistic quantum hardware},
  journal = {Nature},
  year    = {2017},
  volume  = {549},
  number  = {7671},
  pages   = {180--187},
  month   = sep,
  issn    = {0028-0836},
  doi     = {10/gbzs37},
  url     = {http://www.nature.com/doifinder/10.1038/nature23459},
}

@Article{streltsov_colloquium:_2017,
  author     = {Streltsov, Alexander and Adesso, Gerardo and Plenio, Martin B.},
  title      = {Colloquium: {Quantum} {Coherence} as a {Resource}},
  journal    = {Reviews of Modern Physics},
  year       = {2017},
  volume     = {89},
  number     = {4},
  pages      = {041003},
  month      = oct,
  issn       = {0034-6861, 1539-0756},
  doi        = {10/gcpdc5},
  shorttitle = {Colloquium},
  url        = {https://link.aps.org/doi/10.1103/RevModPhys.89.041003},
}

@Article{jung_rustbelt:_2017,
  author  = {Jung, Ralf and Jourdan, Jacques-Henri and Krebbers, Robbert and Dreyer, Derek},
  title   = {{RustBelt}: securing the foundations of the rust programming language},
  journal = {Proceedings of the ACM on Programming Languages},
  year    = {2017},
  volume  = {2},
  number  = {POPL},
  pages   = {1--34},
  month   = dec,
  issn    = {24751421},
  doi     = {10/gf4q3v},
  url     = {http://dl.acm.org/citation.cfm?doid=3177123.3158154},
}

@Article{de_wolf_potential_2017,
  author  = {de Wolf, Ronald},
  title   = {The {Potential} {Impact} of {Quantum} {Computers} on {Society}},
  journal = {arXiv:1712.05380 [quant-ph]},
  year    = {2017},
  month   = dec,
  url     = {http://arxiv.org/abs/1712.05380},
}

@InProceedings{dunfield_extensible_2017,
  author    = {Dunfield, Joshua},
  title     = {Extensible {Datasort} {Refinements}},
  booktitle = {Programming {Languages} and {Systems}},
  year      = {2017},
  editor    = {Yang, Hongseok},
  series    = {Lecture {Notes} in {Computer} {Science}},
  pages     = {476--503},
  publisher = {Springer Berlin Heidelberg},
  isbn      = {978-3-662-54434-1},
  url       = {http://arxiv.org/abs/1701.02842},
}

@InProceedings{hoffmann_towards_2017,
  author    = {Hoffmann, Jan and Das, Ankush and Weng, Shu-Chun},
  title     = {Towards {Automatic} {Resource} {Bound} {Analysis} for {OCaml}},
  booktitle = {Proceedings of the 44\textsuperscript{th} {ACM} {SIGPLAN} {Symposium} on {Principles} of {Programming} {Languages}},
  year      = {2017},
  series    = {{POPL} 2017},
  pages     = {359--373},
  address   = {New York, NY, USA},
  publisher = {ACM},
  doi       = {10/ggb9gh},
  isbn      = {978-1-4503-4660-3},
  url       = {http://doi.acm.org/10.1145/3009837.3009842},
}

@Article{krebbers_interactive_2017,
  author  = {Krebbers, Robbert and Timany, Amin and Birkedal, Lars},
  title   = {Interactive proofs in higher-order concurrent separation logic},
  journal = {Proceedings of the 44\textsuperscript{th} ACM SIGPLAN Symposium on Principles of Programming Languages - POPL 2017},
  year    = {2017},
  pages   = {205--217},
  issn    = {07308566},
  doi     = {10/gf4hq4},
  url     = {http://dl.acm.org/citation.cfm?doid=3009837.3009855},
}

@InProceedings{krogh-jespersen_relational_2017,
  author    = {Krogh-Jespersen, Morten and Svendsen, Kasper and Birkedal, Lars},
  title     = {A relational model of types-and-effects in higher-order concurrent separation logic},
  booktitle = {Proceedings of the 44\textsuperscript{th} {ACM} {SIGPLAN} {Symposium} on {Principles} of {Programming} {Languages} - {POPL} 2017},
  year      = {2017},
  pages     = {218--231},
  address   = {New York, New York, USA},
  publisher = {ACM},
  doi       = {10/gf8t72},
  isbn      = {978-1-4503-4660-3},
  url       = {http://dl.acm.org/citation.cfm?doid=3009837.3009877},
}

@InProceedings{majumdar_method_2017,
  author    = {Majumdar, Ritajit and Basu, Saikat and Sur-Kolay, Susmita},
  title     = {A {Method} to {Reduce} {Resources} for {Quantum} {Error} {Correction}},
  booktitle = {Reversible {Computation}},
  year      = {2017},
  editor    = {Phillips, Iain and Rahaman, Hafizur},
  series    = {Lecture {Notes} in {Computer} {Science}},
  pages     = {151--161},
  address   = {Cham},
  publisher = {Springer International Publishing},
  doi       = {10/ggcgbt},
  isbn      = {978-3-319-59936-6},
}

@InProceedings{vitousek_big_2017,
  author     = {Vitousek, Michael M. and Swords, Cameron and Siek, Jeremy G.},
  title      = {Big {Types} in {Little} {Runtime}: {Open}-world {Soundness} and {Collaborative} {Blame} for {Gradual} {Type} {Systems}},
  booktitle  = {Proceedings of the 44\textsuperscript{th} {ACM} {SIGPLAN} {Symposium} on {Principles} of {Programming} {Languages}},
  year       = {2017},
  series     = {{POPL} 2017},
  pages      = {762--774},
  address    = {New York, NY, USA},
  publisher  = {ACM},
  doi        = {10.1145/3009837.3009849},
  isbn       = {978-1-4503-4660-3},
  shorttitle = {Big {Types} in {Little} {Runtime}},
  url        = {http://doi.acm.org/10.1145/3009837.3009849},
}

@InProceedings{rand2018phantom,
  author    = {Rand, Robert and Paykin, Jennifer and Zdancewic, Steve},
  title     = {Phantom {Types} for {Quantum} {Programs}},
  booktitle = {The fourth international workshop on coq for programming languages},
  year      = {2018},
  pages     = {2},
  month     = jan,
  url       = {https://popl18.sigplan.org/event/coqpl-2018-phantom-types-for-quantum-programs},
}

@InProceedings{coqpl18,
  author    = {Stephanie Weirich, Antoine Voizard, Anastasiya Kravchuk-Kirilyuk},
  title     = {Locally {Nameless} at {Scale}},
  booktitle = {The {Fourth} {International} {Workshop} on {Coq} for {Programming} {Languages}},
  year      = {2018},
  pages     = {3},
  month     = jan,
}

@Article{haner_software_2018,
  author  = {H{\"{a}}ner, Thomas and Steiger, Damian S. and Svore, Krysta and Troyer, Matthias},
  title   = {A software methodology for compiling quantum programs},
  journal = {Quantum Science and Technology},
  year    = {2018},
  volume  = {3},
  number  = {2},
  pages   = {020501},
  month   = feb,
  issn    = {2058-9565},
  doi     = {10/ggb9c3},
  url     = {https://doi.org/10.1088%2F2058-9565%2Faaa5cc},
}

@InProceedings{svore_q:_2018,
  author     = {Svore, Krysta and Geller, Alan and Troyer, Matthias and Azariah, John and Granade, Christopher and Heim, Bettina and Kliuchnikov, Vadym and Mykhailova, Mariia and Paz, Andres and Roetteler, Martin},
  title      = {Q\#: {Enabling} {Scalable} {Quantum} {Computing} and {Development} with a {High}-level {DSL}},
  booktitle  = {Proceedings of the {Real} {World} {Domain} {Specific} {Languages} {Workshop} 2018},
  year       = {2018},
  series     = {{RWDSL}2018},
  pages      = {7:1--7:10},
  address    = {New York, NY, USA},
  month      = feb,
  publisher  = {ACM},
  doi        = {10/gdcc72},
  isbn       = {978-1-4503-6355-6},
  shorttitle = {Q\#},
  url        = {http://doi.acm.org/10.1145/3183895.3183901},
}

@InProceedings{coecke_picturing_2018,
  author    = {Coecke, Bob and Kissinger, Aleks},
  title     = {Picturing {Quantum} {Processes}},
  booktitle = {Diagrammatic {Representation} and {Inference}},
  year      = {2018},
  editor    = {Chapman, Peter and Stapleton, Gem and Moktefi, Amirouche and Perez-Kriz, Sarah and Bellucci, Francesco},
  series    = {Lecture {Notes} in {Computer} {Science}},
  pages     = {28--31},
  month     = may,
  publisher = {Springer International Publishing},
  isbn      = {978-3-319-91376-6},
}

@Article{czajka_hammer_2018,
  author     = {Czajka, {{\L}}ukasz and Kaliszyk, Cezary},
  title      = {Hammer for {Coq}: {Automation} for {Dependent} {Type} {Theory}},
  journal    = {Journal of Automated Reasoning},
  year       = {2018},
  volume     = {61},
  number     = {1},
  pages      = {423--453},
  month      = jun,
  issn       = {1573-0670},
  doi        = {10/gdzwd5},
  shorttitle = {Hammer for {Coq}},
  url        = {https://doi.org/10.1007/s10817-018-9458-4},
}

@Article{DBLP:journals/corr/abs-1806-02693,
  author     = {Weiss, Aaron and Patterson, Daniel and Ahmed, Amal},
  title      = {Rust {Distilled}: {An} {Expressive} {Tower} of {Languages}},
  journal    = {CoRR},
  year       = {2018},
  volume     = {abs/1806.02693},
  month      = jun,
  shorttitle = {Rust {Distilled}},
  url        = {https://arxiv.org/abs/1806.02693v2},
}

@Article{greenman_spectrum_2018,
  author  = {Greenman, Ben and Felleisen, Matthias},
  title   = {A {Spectrum} of {Type} {Soundness} and {Performance}},
  journal = {Proc. ACM Program. Lang.},
  year    = {2018},
  volume  = {2},
  number  = {ICFP},
  pages   = {71:1--71:32},
  month   = jul,
  issn    = {2475-1421},
  doi     = {10.1145/3236766},
  url     = {http://doi.acm.org/10.1145/3236766},
}

@Article{preskill_quantum_2018,
  author  = {Preskill, John},
  title   = {Quantum {Computing} in the {NISQ} era and beyond},
  journal = {Quantum},
  year    = {2018},
  volume  = {2},
  pages   = {79},
  month   = aug,
  issn    = {2521-327X},
  doi     = {10/gd3xfp},
  url     = {https://doi.org/10.22331/q-2018-08-06-79},
}

@Article{mahmoud_formal_2018,
  author  = {Mahmoud, Mohamed Yousri and Felty, Amy P.},
  title   = {Formal {Meta}-level {Analysis} {Framework} for {Quantum} {Programming} {Languages}},
  journal = {Electronic Notes in Theoretical Computer Science},
  year    = {2018},
  volume  = {338},
  pages   = {185--201},
  month   = oct,
  issn    = {1571-0661},
  doi     = {10/ggb9c5},
  series  = {The 12\textsuperscript{th} {Workshop} on {Logical} and {Semantic} {Frameworks}, with {Applications} ({LSFA} 2017)},
  url     = {http://www.sciencedirect.com/science/article/pii/S1571066118300781},
}

@InProceedings{huang_qdb:_2018,
  author    = {Huang, Yipeng and Martonosi, Margaret},
  title     = {{QDB}: {From} {Quantum} {Algorithms} {Towards} {Correct} {Quantum} {Programs}},
  booktitle = {9\textsuperscript{th} {Workshop} on {Evaluation} and {Usability} of {Programming} {Languages} and {Tools}, {PLATEAU} 2018},
  year      = {2018},
  pages     = {4:1--4:14},
  address   = {Dagstuhl, Germany},
  month     = nov,
  publisher = {Schloss Dagstuhl--Leibniz-Zentrum fuer Informatik},
  doi       = {10/gf8t75},
  isbn      = {978-3-95977-091-0},
  url       = {https://doi.org/10.4230/OASIcs.PLATEAU.2018.4},
}

@Article{sundaram_mathematical_2018,
  author  = {Sundaram, Aarthi and Lackey, Brad},
  title   = {Mathematical methods for resource-based type theories},
  journal = {arXiv e-prints},
  year    = {2018},
  pages   = {41},
  month   = dec,
  url     = {https://arxiv.org/abs/1812.08726},
}

@InProceedings{DBLP:journals/corr/abs-1805-06908,
  author    = {Amy, Matthew},
  title     = {Towards large-scale functional verification of universal quantum circuits},
  booktitle = {Proceedings 15\textsuperscript{th} international conference on quantum physics and logic, {QPL} 2018, halifax, canada, 3-7\textsuperscript{th} june 2018.},
  year      = {2018},
  volume    = {287},
  pages     = {1--21},
  doi       = {10/ggb9cz},
  url       = {https://doi.org/10.4204/EPTCS.287.1},
}

@Article{downen_ariola_2018,
  author  = {Downen, Paul and Ariola, Zena M.},
  title   = {A {Tutorial} on {Computational} {Classical} {Logic} and the {Sequent} {Calculus}},
  journal = {Journal of Functional Programming},
  year    = {2018},
  volume  = {28},
  pages   = {64},
  issn    = {0956-7968, 1469-7653},
  doi     = {10/gc7chq},
  url     = {http://www.cambridge.org/core/journals/journal-of-functional-programming/article/tutorial-on-computational-classical-logic-and-the-sequent-calculus/4C5D37F74D95ED7CCFC0BB3E37F342A5},
}

@InProceedings{gommerstadt_session-typed_2018,
  author    = {Gommerstadt, Hannah and Jia, Limin and Pfenning, Frank},
  title     = {Session-{Typed} {Concurrent} {Contracts}},
  booktitle = {Programming {Languages} and {Systems}},
  year      = {2018},
  editor    = {Ahmed, Amal},
  series    = {Lecture {Notes} in {Computer} {Science}},
  pages     = {771--798},
  address   = {Cham},
  publisher = {Springer International Publishing},
  doi       = {10/ggb9gc},
  isbn      = {978-3-319-89884-1},
}

@InProceedings{matsuda_hobit:_2018,
  author     = {Matsuda, Kazutaka and Wang, Meng},
  title      = {{HOBiT}: {Programming} {Lenses} {Without} {Using} {Lens} {Combinators}},
  booktitle  = {Programming {Languages} and {Systems}},
  year       = {2018},
  editor     = {Ahmed, Amal},
  series     = {Lecture {Notes} in {Computer} {Science}},
  pages      = {31--59},
  address    = {Cham},
  publisher  = {Springer International Publishing},
  doi        = {10/ggch8k},
  isbn       = {978-3-319-89884-1},
  shorttitle = {{HOBiT}},
}

@phdthesis{paykin_linear/non-linear_2018,
	address = {Philadelphia, PA, USA},
	type = {{PhD} {Thesis}},
	title = {Linear/non-{Linear} {Types} for {Embedded} {Domain}-{Specific} {Languages}},
	url = {https://repository.upenn.edu/edissertations/2752},
	school = {University of Pennsylvania},
	author = {Paykin, Jennifer},
	year = {2018}
}

@phdthesis{rand_formally_2018,
	address = {Philadelphia, PA, USA},
	type = {{PhD} {Thesis}},
	title = {Formally {Verified} {Quantum} {Programming}},
	url = {https://repository.upenn.edu/edissertations/3175},
	school = {University of Pennsylvania},
	author = {Rand, Robert},
	year = {2018}
}

@InProceedings{de_silva_logical_2018,
  author    = {de Silva, Nadish},
  title     = {Logical {Paradoxes} in {Quantum} {Computation}},
  booktitle = {Proceedings of the 33\textsuperscript{rd} {Annual} {ACM}/{IEEE} {Symposium} on {Logic} in {Computer} {Science}},
  year      = {2018},
  series    = {{LICS} '18},
  pages     = {335--343},
  address   = {New York, NY, USA},
  publisher = {ACM},
  doi       = {10/ggd48f},
  isbn      = {978-1-4503-5583-4},
  url       = {http://doi.acm.org/10.1145/3209108.3209123},
}

@Article{xavier_mechanizing_2018,
  author  = {Xavier, Bruno and Olarte, Carlos and Reis, Giselle and Nigam, Vivek},
  title   = {Mechanizing {Focused} {Linear} {Logic} in {Coq}},
  journal = {Electronic Notes in Theoretical Computer Science},
  year    = {2018},
  volume  = {338},
  pages   = {219--236},
  issn    = {1571-0661},
  doi     = {10/gf8t74},
  url     = {http://www.sciencedirect.com/science/article/pii/S157106611830080X},
}

@InProceedings{xie_consistent_2018,
  author    = {Xie, Ningning and Bi, Xuan and Oliveira, Bruno C. d. S.},
  title     = {Consistent {Subtyping} for {All}},
  booktitle = {Programming {Languages} and {Systems}},
  year      = {2018},
  editor    = {Ahmed, Amal},
  series    = {Lecture {Notes} in {Computer} {Science}},
  pages     = {3--30},
  address   = {Cham},
  publisher = {Springer International Publishing},
  doi       = {10/ggb9gb},
  isbn      = {978-3-319-89884-1},
}

@Article{backens_zh:_2019,
  author     = {Backens, Miriam and Kissinger, Aleks},
  title      = {{ZH}: {A} {Complete} {Graphical} {Calculus} for {Quantum} {Computations} {Involving} {Classical} {Non}-linearity},
  journal    = {Electronic Proceedings in Theoretical Computer Science},
  year       = {2019},
  volume     = {287},
  pages      = {23--42},
  month      = jan,
  issn       = {2075-2180},
  doi        = {10/ggc8n4},
  shorttitle = {{ZH}},
  url        = {http://arxiv.org/abs/1805.02175},
}

@Article{cavallo_higher_2019,
  author  = {Cavallo, Evan and Harper, Robert},
  title   = {Higher {Inductive} {Types} in {Cubical} {Computational} {Type} {Theory}},
  journal = {Proc. ACM Program. Lang.},
  year    = {2019},
  volume  = {3},
  number  = {POPL},
  pages   = {1:1--1:27},
  month   = jan,
  issn    = {2475-1421},
  doi     = {10/ggb9cs},
  url     = {http://doi.acm.org/10.1145/3290314},
}

@Article{clairambault_game_2019,
  author  = {Clairambault, Pierre and De Visme, Marc and Winskel, Glynn},
  title   = {Game {Semantics} for {Quantum} {Programming}},
  journal = {Proc. ACM Program. Lang.},
  year    = {2019},
  volume  = {3},
  number  = {POPL},
  pages   = {32:1--32:29},
  month   = jan,
  issn    = {2475-1421},
  doi     = {10/ggb9ct},
  url     = {http://doi.acm.org/10.1145/3290345},
}

@Article{fagan_optimising_2019,
  author  = {Fagan, Andrew and Duncan, Ross},
  title   = {Optimising {Clifford} {Circuits} with {Quantomatic}},
  journal = {Electronic Proceedings in Theoretical Computer Science},
  year    = {2019},
  volume  = {287},
  pages   = {85--105},
  month   = jan,
  issn    = {2075-2180},
  doi     = {10/gf8t32},
  url     = {http://arxiv.org/abs/1901.10114},
}

@Article{herlihy_blockchains_2019,
  author  = {Herlihy, Maurice},
  title   = {Blockchains from a {Distributed} {Computing} {Perspective}},
  journal = {Communications of the ACM},
  year    = {2019},
  volume  = {62},
  number  = {2},
  pages   = {78--85},
  month   = jan,
  issn    = {0001-0782},
  doi     = {10/gf8t76},
  url     = {http://doi.acm.org/10.1145/3209623},
}

@Article{hung_quantitative_2019,
  author  = {Hung, Shih-Han and Hietala, Kesha and Zhu, Shaopeng and Ying, Mingsheng and Hicks, Michael and Wu, Xiaodi},
  title   = {Quantitative {Robustness} {Analysis} of {Quantum} {Programs}},
  journal = {Proc. ACM Program. Lang.},
  year    = {2019},
  volume  = {3},
  number  = {POPL},
  pages   = {31:1--31:29},
  month   = jan,
  issn    = {2475-1421},
  doi     = {10/gf9d5n},
  url     = {http://doi.acm.org/10.1145/3290344},
}

@Article{omar_live_2019,
  author  = {Omar, Cyrus and Voysey, Ian and Chugh, Ravi and Hammer, Matthew A.},
  title   = {Live {Functional} {Programming} with {Typed} {Holes}},
  journal = {Proc. ACM Program. Lang.},
  year    = {2019},
  volume  = {3},
  number  = {POPL},
  pages   = {14:1--14:32},
  month   = jan,
  issn    = {2475-1421},
  doi     = {10/ggb9f4},
  url     = {http://doi.acm.org/10.1145/3290327},
}

@Article{rand_reqwire:_2019,
  author     = {Rand, Robert and Paykin, Jennifer and Lee, Dong-Ho and Zdancewic, Steve},
  title      = {{ReQWIRE}: {Reasoning} about {Reversible} {Quantum} {Circuits}},
  journal    = {Electronic Proceedings in Theoretical Computer Science},
  year       = {2019},
  volume     = {287},
  pages      = {299--312},
  month      = jan,
  issn       = {2075-2180},
  doi        = {10/ggb9c2},
  shorttitle = {{ReQWIRE}},
  url        = {http://arxiv.org/abs/1901.10118},
}

@Article{unruh_quantum_2019,
  author  = {Unruh, Dominique},
  title   = {Quantum {Relational} {Hoare} {Logic}},
  journal = {Proc. ACM Program. Lang.},
  year    = {2019},
  volume  = {3},
  number  = {POPL},
  pages   = {33:1--33:31},
  month   = jan,
  issn    = {2475-1421},
  doi     = {10/ggb9cv},
  url     = {http://doi.acm.org/10.1145/3290346},
}

@Article{jeandel_completeness_2019,
  author  = {Jeandel, Emmanuel and Perdrix, Simon and Vilmart, Renaud},
  title   = {Completeness of the {ZX}-{Calculus}},
  journal = {arXiv:1903.06035 [quant-ph]},
  year    = {2019},
  month   = mar,
  url     = {http://arxiv.org/abs/1903.06035},
}

@Article{larose_overview_2019,
  author  = {LaRose, Ryan},
  title   = {Overview and {Comparison} of {Gate} {Level} {Quantum} {Software} {Platforms}},
  journal = {Quantum},
  year    = {2019},
  volume  = {3},
  pages   = {130},
  month   = mar,
  doi     = {10/ggbnrq},
  url     = {https://quantum-journal.org/papers/q-2019-03-25-130/},
}

@InProceedings{wille_ibms_2019,
  author     = {Wille, Robert and Van Meter, Rod and Naveh, Yehuda},
  title      = {{IBM}{\textquoteright}s {Qiskit} {Tool} {Chain}: {Working} with and {Developing} for {Real} {Quantum} {Computers}},
  booktitle  = {2019 {Design}, {Automation} {Test} in {Europe} {Conference} {Exhibition} ({DATE})},
  year       = {2019},
  pages      = {1234--1240},
  month      = mar,
  doi        = {10/ggbj9p},
  shorttitle = {{IBM}{\textquoteright}s {Qiskit} {Tool} {Chain}},
}

@Article{Hietala2019,
  author  = {Hietala, Kesha and Rand, Robert and Hung, Shih-Han and Wu, Xiaodi and Hicks, Michael},
  title   = {Verified {Optimization} in a {Quantum} {Intermediate} {Representation}},
  journal = {arXiv:1904.06319 [quant-ph]},
  year    = {2019},
  month   = apr,
  url     = {http://arxiv.org/abs/1904.06319},
}

@Article{kissinger_pyzx:_2019,
  author     = {Kissinger, Aleks and van de Wetering, John},
  title      = {{PyZX}: {Large} {Scale} {Automated} {Diagrammatic} {Reasoning}},
  journal    = {arXiv:1904.04735 [quant-ph]},
  year       = {2019},
  month      = apr,
  shorttitle = {{PyZX}},
  url        = {http://arxiv.org/abs/1904.04735},
}

@InProceedings{paolini_quantum_2019,
  author    = {Paolini, Luca and Roversi, Luca and Zorzi, Margherita},
  title     = {Quantum {Programming} {Made} {Easy}},
  booktitle = {Proceedings joint international workshop on linearity \& trends in linear logic and applications, oxford, {UK}, 7-8 july 2018},
  year      = {2019},
  editor    = {Ehrhard, Thomas and Fern{\'{a}}ndez, Maribel and Paiva, Valeria de and Tortora de Falco, Lorenzo},
  volume    = {292},
  series    = {Electronic proceedings in theoretical computer science},
  pages     = {133--147},
  month     = apr,
  publisher = {Open Publishing Association},
  doi       = {10/gf9rx4},
  url       = {http://arxiv.org/abs/1711.00774},
}

@Article{paykin_hott_2019,
  author  = {Paykin, Jennifer and Zdancewic, Steve},
  title   = {A {HoTT} {Quantum} {Equational} {Theory} ({Extended} {Version})},
  journal = {arXiv:1904.04371 [quant-ph]},
  year    = {2019},
  month   = apr,
  url     = {http://arxiv.org/abs/1904.04371},
}

@InProceedings{amy_sized_2019,
  author    = {Amy, Matthew},
  title     = {Sized {Types} for {Low}-{Level} {Quantum} {Metaprogramming}},
  booktitle = {Reversible {Computation}},
  year      = {2019},
  editor    = {Thomsen, Michael Kirkedal and Soeken, Mathias},
  volume    = {11497},
  series    = {Lecture {Notes} in {Computer} {Science}},
  pages     = {87--107},
  month     = may,
  publisher = {Springer International Publishing},
  doi       = {10/gf8zzr},
  isbn      = {978-3-030-21500-2},
  url       = {http://arxiv.org/abs/1908.02644},
}

@Article{zulehner_advanced_2019,
  author  = {Zulehner, Alwin and Wille, Robert},
  title   = {Advanced {Simulation} of {Quantum} {Computations}},
  journal = {IEEE Transactions on Computer-Aided Design of Integrated Circuits and Systems},
  year    = {2019},
  volume  = {38},
  number  = {5},
  pages   = {848--859},
  month   = may,
  issn    = {0278-0070, 1937-4151},
  doi     = {10.1109/TCAD.2018.2834427},
}

@InProceedings{huang_statistical_2019,
  author    = {Huang, Yipeng and Martonosi, Margaret},
  title     = {Statistical {Assertions} for {Validating} {Patterns} and {Finding} {Bugs} in {Quantum} {Programs}},
  booktitle = {Proceedings of the 46\textsuperscript{th} {International} {Symposium} on {Computer} {Architecture}},
  year      = {2019},
  series    = {{ISCA} '19},
  pages     = {541--553},
  address   = {New York, NY, USA},
  month     = jun,
  publisher = {ACM},
  doi       = {10/gf8t77},
  isbn      = {978-1-4503-6669-4},
  url       = {http://doi.acm.org/10.1145/3307650.3322213},
}

@Article{lindenhovius_mixed_2019,
  author  = {Lindenhovius, Bert and Mislove, Michael and Zamdzhiev, Vladimir},
  title   = {Mixed {Linear} and {Non}-linear {Recursive} {Types}},
  journal = {Proc. ACM Program. Lang.},
  year    = {2019},
  volume  = {3},
  number  = {ICFP},
  pages   = {111:1--111:29},
  month   = jul,
  issn    = {2475-1421},
  doi     = {10.1145/3341715},
  url     = {http://arxiv.org/abs/1906.09503},
}

@Unpublished{pechoux_inductive_2019,
  author = {P{\'{e}}choux, Romain and Perdrix, Simon and Rennela, Mathys and Zamdzhiev, Vladimir},
  title  = {Inductive {Datatypes} for {Quantum} {Programming}},
  month  = jul,
  year   = {2019},
  pages  = {3},
}

@Article{kalai_argument_2019,
  author  = {Kalai, Gil},
  title   = {The {Argument} against {Quantum} {Computers}},
  journal = {arXiv:1908.02499 [math-ph, physics:quant-ph]},
  year    = {2019},
  month   = aug,
  url     = {http://arxiv.org/abs/1908.02499},
}

@Misc{bichsel_silq:_2019,
  author = {Bichsel, Benjamin and Baader, Maximilian and Gehr, Timon and Vechev, Martin},
  title  = {Silq: {A} {High}-level {Quantum} {Programming} {Language}},
  month  = sep,
  year   = {2019},
  url    = {http://silq.ethz.ch/},
}

@InProceedings{lasser_verified_2019,
  author    = {Lasser, Sam and Casinghino, Chris and Fisher, Kathleen and Roux, Cody},
  title     = {A {Verified} {LL}(1) {Parser} {Generator}},
  booktitle = {10\textsuperscript{th} {International} {Conference} on {Interactive} {Theorem} {Proving} ({ITP} 2019)},
  year      = {2019},
  editor    = {Harrison, John and O'Leary, John and Tolmach, Andrew},
  volume    = {141},
  series    = {Leibniz {International} {Proceedings} in {Informatics} ({LIPIcs})},
  pages     = {24:1--24:18},
  address   = {Dagstuhl, Germany},
  month     = sep,
  publisher = {Schloss Dagstuhl--Leibniz-Zentrum fuer Informatik},
  doi       = {10/gf8t3j},
  isbn      = {978-3-95977-122-1},
  url       = {http://drops.dagstuhl.de/opus/volltexte/2019/11079},
}

@Article{palsberg_toward_2019,
  author  = {Palsberg, Jens},
  title   = {Toward a {Universal} {Quantum} {Programming} {Language}},
  journal = {XRDS},
  year    = {2019},
  volume  = {26},
  number  = {1},
  pages   = {14--17},
  month   = sep,
  issn    = {1528-4972},
  doi     = {10/gf9gm7},
  url     = {http://doi.acm.org/10.1145/3355759},
}

@Article{ringer_qed_2019,
  author  = {Ringer, Talia and Palmskog, Karl and Sergey, Ilya and Gligoric, Milos and Tatlock, Zachary},
  title   = {{QED} at {Large}: {A} {Survey} of {Engineering} of {Formally} {Verified} {Software}},
  journal = {Foundations and Trends{\textregistered} in Programming Languages},
  year    = {2019},
  volume  = {5},
  number  = {2-3},
  pages   = {102--281},
  month   = sep,
  issn    = {2325-1107},
  doi     = {10/gf7hnh},
  url     = {http://dx.doi.org/10.1561/2500000045},
}

@Article{shi_fault-tolerant_2019,
  author  = {Shi, Yunong and Chamberland, Christopher and Cross, Andrew},
  title   = {Fault-tolerant preparation of approximate {GKP} states},
  journal = {New Journal of Physics},
  year    = {2019},
  volume  = {21},
  number  = {9},
  pages   = {093007},
  month   = sep,
  issn    = {1367-2630},
  doi     = {10/gf8zzq},
  url     = {https://doi.org/10.1088%2F1367-2630%2Fab3a62},
}

@Article{adams_ryu_2019,
  author     = {Adams, Ulf},
  title      = {Ry{\={u}} {Revisited}: {Printf} {Floating} {Point} {Conversion}},
  journal    = {Proc. ACM Program. Lang.},
  year       = {2019},
  volume     = {3},
  number     = {OOPSLA},
  pages      = {169:1--169:23},
  month      = oct,
  issn       = {2475-1421},
  doi        = {10/gf9rxz},
  shorttitle = {Ry{\={u}} {Revisited}},
  url        = {http://doi.acm.org/10.1145/3360595},
}

@Article{ahman_runners_2019,
  author  = {Ahman, Danel and Bauer, Andrej},
  title   = {Runners in action},
  journal = {arXiv:1910.11629 [cs]},
  year    = {2019},
  month   = oct,
  url     = {http://arxiv.org/abs/1910.11629},
}

@Article{arute_quantum_2019,
  author    = {Arute, Frank and Arya, Kunal and Babbush, Ryan and Bacon, Dave and Bardin, Joseph C. and Barends, Rami and Biswas, Rupak and Boixo, Sergio and Brandao, Fernando G. S. L. and Buell, David A. and Burkett, Brian and Chen, Yu and Chen, Zijun and Chiaro, Ben and Collins, Roberto and Courtney, William and Dunsworth, Andrew and Farhi, Edward and Foxen, Brooks and Fowler, Austin and Gidney, Craig and Giustina, Marissa and Graff, Rob and Guerin, Keith and Habegger, Steve and Harrigan, Matthew P. and Hartmann, Michael J. and Ho, Alan and Hoffmann, Markus and Huang, Trent and Humble, Travis S. and Isakov, Sergei V. and Jeffrey, Evan and Jiang, Zhang and Kafri, Dvir and Kechedzhi, Kostyantyn and Kelly, Julian and Klimov, Paul V. and Knysh, Sergey and Korotkov, Alexander and Kostritsa, Fedor and Landhuis, David and Lindmark, Mike and Lucero, Erik and Lyakh, Dmitry and Mandr{\`{a}}, Salvatore and McClean, Jarrod R. and McEwen, Matthew and Megrant, Anthony and Mi, Xiao and Michielsen, Kristel and Mohseni, Masoud and Mutus, Josh and Naaman, Ofer and Neeley, Matthew and Neill, Charles and Niu, Murphy Yuezhen and Ostby, Eric and Petukhov, Andre and Platt, John C. and Quintana, Chris and Rieffel, Eleanor G. and Roushan, Pedram and Rubin, Nicholas C. and Sank, Daniel and Satzinger, Kevin J. and Smelyanskiy, Vadim and Sung, Kevin J. and Trevithick, Matthew D. and Vainsencher, Amit and Villalonga, Benjamin and White, Theodore and Yao, Z. Jamie and Yeh, Ping and Zalcman, Adam and Neven, Hartmut and Martinis, John M.},
  title     = {Quantum supremacy using a programmable superconducting processor},
  journal   = {Nature},
  year      = {2019},
  volume    = {574},
  number    = {7779},
  pages     = {505--510},
  month     = oct,
  issn      = {1476-4687},
  copyright = {2019 The Author(s), under exclusive licence to Springer Nature Limited},
  doi       = {10/ggbnb4},
  url       = {http://www.nature.com/articles/s41586-019-1666-5},
}

@Article{astrauskas_leveraging_2019,
  author  = {Astrauskas, Vytautas and M{\"{u}}ller, Peter and Poli, Federico and Summers, Alexander J.},
  title   = {Leveraging {Rust} {Types} for {Modular} {Specification} and {Verification}},
  journal = {Proc. ACM Program. Lang.},
  year    = {2019},
  volume  = {3},
  number  = {OOPSLA},
  pages   = {147:1--147:30},
  month   = oct,
  issn    = {2475-1421},
  doi     = {10/gf9rxw},
  url     = {http://doi.acm.org/10.1145/3360573},
}

@Article{brooks_beyond_2019,
  author     = {Brooks, Michael},
  title      = {Beyond quantum supremacy: the hunt for useful quantum computers},
  journal    = {Nature},
  year       = {2019},
  volume     = {574},
  pages      = {19--21},
  month      = oct,
  copyright  = {2019 Nature},
  doi        = {10/gf9hh9},
  shorttitle = {Beyond quantum supremacy},
  url        = {http://www.nature.com/articles/d41586-019-02936-3},
}

@Article{caires_refinement_2019,
  author     = {Caires, Lu{\'{i}}s and Toninho, Bernardo},
  title      = {Refinement {Kinds}: {Type}-safe {Programming} with {Practical} {Type}-level {Computation}},
  journal    = {Proc. ACM Program. Lang.},
  year       = {2019},
  volume     = {3},
  number     = {OOPSLA},
  pages      = {131:1--131:30},
  month      = oct,
  issn       = {2475-1421},
  doi        = {10/gf9rxt},
  shorttitle = {Refinement {Kinds}},
  url        = {http://doi.acm.org/10.1145/3360557},
}

@InProceedings{chapman_system_2019,
  author    = {Chapman, James and Kireev, Roman and Nester, Chad and Wadler, Philip},
  title     = {System {F} in {Agda}, for {Fun} and {Profit}},
  booktitle = {Mathematics of {Program} {Construction}},
  year      = {2019},
  editor    = {Hutton, Graham},
  series    = {Lecture {Notes} in {Computer} {Science}},
  pages     = {255--297},
  address   = {Cham},
  month     = oct,
  publisher = {Springer International Publishing},
  doi       = {10/ggbr2r},
  isbn      = {978-3-030-33636-3},
}

@InCollection{chatley_next_2019,
  author    = {Chatley, Robert and Donaldson, Alastair and Mycroft, Alan},
  title     = {The {Next} 7000 {Programming} {Languages}},
  booktitle = {Computing and {Software} {Science}: {State} of the {Art} and {Perspectives}},
  publisher = {Springer International Publishing},
  year      = {2019},
  editor    = {Steffen, Bernhard and Woeginger, Gerhard},
  series    = {Lecture {Notes} in {Computer} {Science}},
  pages     = {250--282},
  address   = {Cham},
  month     = oct,
  isbn      = {978-3-319-91908-9},
  doi       = {10.1007/978-3-319-91908-9_15},
  url       = {https://doi.org/10.1007/978-3-319-91908-9_15},
}

@Article{gibney_quantum_2019,
  author     = {Gibney, Elizabeth},
  title      = {Quantum gold rush: the private funding pouring into quantum start-ups},
  journal    = {Nature},
  year       = {2019},
  volume     = {574},
  pages      = {22--24},
  month      = oct,
  copyright  = {2019 Nature},
  doi        = {10/gf9gk3},
  shorttitle = {Quantum gold rush},
  url        = {http://www.nature.com/articles/d41586-019-02935-4},
}

@Article{hamza_system_2019,
  author     = {Hamza, Jad and Voirol, Nicolas and Kun{\v{c}}ak, Viktor},
  title      = {System {FR}: {Formalized} {Foundations} for the {Stainless} {Verifier}},
  journal    = {Proc. ACM Program. Lang.},
  year       = {2019},
  volume     = {3},
  number     = {OOPSLA},
  pages      = {166:1--166:30},
  month      = oct,
  issn       = {2475-1421},
  doi        = {10/gf9rxx},
  shorttitle = {System {FR}},
  url        = {http://doi.acm.org/10.1145/3360592},
}

@Article{panchekha_modular_2019,
  author  = {Panchekha, Pavel and Ernst, Michael D. and Tatlock, Zachary and Kamil, Shoaib},
  title   = {Modular {Verification} of {Web} {Page} {Layout}},
  journal = {Proc. ACM Program. Lang.},
  year    = {2019},
  volume  = {3},
  number  = {OOPSLA},
  pages   = {151:1--151:26},
  month   = oct,
  issn    = {2475-1421},
  doi     = {10/gf9rx2},
  url     = {http://doi.acm.org/10.1145/3360577},
}

@Article{pechoux_quantum_2019,
  author     = {P{\'{e}}choux, Romain and Perdrix, Simon and Rennela, Mathys and Zamdzhiev, Vladimir},
  title      = {Quantum {Programming} with {Inductive} {Datatypes}: {Causality} and {Affine} {Type} {Theory}},
  journal    = {arXiv:1910.09633 [quant-ph]},
  year       = {2019},
  month      = oct,
  shorttitle = {Quantum {Programming} with {Inductive} {Datatypes}},
  url        = {http://arxiv.org/abs/1910.09633},
}

@Unpublished{rand_type_2019,
  author = {Rand, Robert and Sundaram, Aarthi and Singhal, Kartik and Lackey, Brad},
  title  = {A {Type} {System} for {Quantum} {Resources}},
  note   = {Draft},
  month  = oct,
  year   = {2019},
  type   = {Extended {Abstract} submitted to {PLanQC} 2020},
}

@Unpublished{singhal_verified_2019,
  author = {Singhal, Kartik and Rand, Robert and Hicks, Michael},
  title  = {Verified translation between low-level quantum languages},
  note   = {Extended Abstract for talk at PLanQC 2020},
  month  = oct,
  year   = {2019},
  type   = {Extended {Abstract} submitted to {PLanQC} 2020},
  url    = {http://ks.cs.uchicago.edu/publication/verified-translation/},
}

@Article{siraichi_qubit_2019,
  author  = {Siraichi, Marcos Yukio and Santos, Vin{\'{i}}cius Fernandes dos and Collange, Caroline and Pereira, Fernando Magno Quint{\~{a}}o},
  title   = {Qubit {Allocation} {As} a {Combination} of {Subgraph} {Isomorphism} and {Token} {Swapping}},
  journal = {Proc. ACM Program. Lang.},
  year    = {2019},
  volume  = {3},
  number  = {OOPSLA},
  pages   = {120:1--120:29},
  month   = oct,
  issn    = {2475-1421},
  doi     = {10/gf9rxs},
  url     = {http://doi.acm.org/10.1145/3360546},
}

@Article{sjoberg_deepsea:_2019,
  author     = {Sj{\"{o}}berg, Vilhelm and Sang, Yuyang and Weng, Shu-chun and Shao, Zhong},
  title      = {{DeepSEA}: {A} {Language} for {Certified} {System} {Software}},
  journal    = {Proc. ACM Program. Lang.},
  year       = {2019},
  volume     = {3},
  number     = {OOPSLA},
  pages      = {136:1--136:27},
  month      = oct,
  issn       = {2475-1421},
  doi        = {10/gf9rxv},
  shorttitle = {{DeepSEA}},
  url        = {http://doi.acm.org/10.1145/3360562},
}

@Article{baez_foundations_2019,
  author     = {Baez, John C.},
  title      = {Foundations of {Mathematics} and {Physics} {One} {Century} {After} {Hilbert}: {New} {Perspectives}},
  journal    = {Notices of the American Mathematical Society},
  year       = {2019},
  volume     = {66},
  number     = {10},
  pages      = {1},
  month      = nov,
  issn       = {0002-9920, 1088-9477},
  doi        = {10/gf9rrc},
  shorttitle = {Foundations of {Mathematics} and {Physics} {One} {Century} {After} {Hilbert}},
  url        = {http://www.ams.org/notices/201910/rnoti-p1690.pdf},
}

@InCollection{altenkirch_naive_2019,
  author    = {Altenkirch, Thorsten},
  title     = {Naive {Type} {Theory}},
  booktitle = {Reflections on the {Foundations} of {Mathematics}},
  publisher = {Springer International Publishing},
  year      = {2019},
  month     = dec,
}

@Article{hietala_verified_2019,
  author  = {Hietala, Kesha and Rand, Robert and Hung, Shih-Han and Wu, Xiaodi and Hicks, Michael},
  title   = {A {Verified} {Optimizer} for {Quantum} {Circuits}},
  journal = {arXiv:1912.02250 [quant-ph]},
  year    = {2019},
  month   = dec,
  url     = {http://arxiv.org/abs/1912.02250},
}

@Article{mahmoud_formalization_2019,
  author  = {Mahmoud, Mohamed Yousri and Felty, Amy P.},
  title   = {Formalization of {Metatheory} of the {Quipper} {Quantum} {Programming} {Language} in a {Linear} {Logic}},
  journal = {Journal of Automated Reasoning},
  year    = {2019},
  volume  = {63},
  number  = {4},
  pages   = {967--1002},
  month   = dec,
  issn    = {1573-0670},
  doi     = {10/ggb9c6},
  url     = {https://doi.org/10.1007/s10817-019-09527-x},
}

@Article{paolini_qpcf:_2019,
  author     = {Paolini, Luca and Piccolo, Mauro and Zorzi, Margherita},
  title      = {{QPCF}: {Higher}-{Order} {Languages} and {Quantum} {Circuits}},
  journal    = {Journal of Automated Reasoning},
  year       = {2019},
  volume     = {63},
  number     = {4},
  pages      = {941--966},
  month      = dec,
  issn       = {1573-0670},
  doi        = {10/gf9rx3},
  shorttitle = {{QPCF}},
  url        = {https://doi.org/10.1007/s10817-019-09518-y},
}

@Article{aguirre_relational_2019,
  author  = {Aguirre, Alejandro and Barthe, Gilles and Gaboardi, Marco and Garg, Deepak and Strub, Pierre-Yves},
  title   = {A relational logic for higher-order programs},
  journal = {Journal of Functional Programming},
  year    = {2019},
  volume  = {29},
  issn    = {0956-7968, 1469-7653},
  doi     = {10/ggbhrb},
  url     = {https://www.cambridge.org/core/journals/journal-of-functional-programming/article/relational-logic-for-higherorder-programs/FB77D32755BFD26F55DC6D9F5D7D0CD8},
}

@Article{dannenberg_review_2019,
  author     = {Dannenberg, Roger B.},
  title      = {Review of {\textquotedblleft}{The} {Haskell} {School} of {Music}: from {Signals} to {Symphonies},{\textquotedblright} by {Paul} {Hudak} and {Donya} {Quick}, {Cambridge} {University} {Press}, 2018},
  journal    = {Journal of Functional Programming},
  year       = {2019},
  volume     = {29},
  issn       = {0956-7968, 1469-7653},
  doi        = {10/ggdfnh},
  shorttitle = {Review of {\textquotedblleft}{The} {Haskell} {School} of {Music}},
  url        = {http://www.cambridge.org/core/journals/journal-of-functional-programming/article/review-of-the-haskell-school-of-music-from-signals-to-symphonies-by-paul-hudak-and-donya-quick-cambridge-university-press-2018/A1000614B6FDB2322B542A22C1DA5F72},
}

@Article{forster_expressive_2019,
  author     = {Forster, Yannick and Kammar, Ohad and Lindley, Sam and Pretnar, Matija},
  title      = {On the expressive power of user-defined effects: {Effect} handlers, monadic reflection, delimited control},
  journal    = {Journal of Functional Programming},
  year       = {2019},
  volume     = {29},
  issn       = {0956-7968, 1469-7653},
  doi        = {10/gf9m3h},
  shorttitle = {On the expressive power of user-defined effects},
  url        = {http://www.cambridge.org/core/journals/journal-of-functional-programming/article/on-the-expressive-power-of-userdefined-effects-effect-handlers-monadic-reflection-delimited-control/3FFAA9AD05B58A1467E411F80EE4E076},
}

@InProceedings{kleppmann_local-first_2019,
  author     = {Kleppmann, Martin and Wiggins, Adam and van Hardenberg, Peter and McGranaghan, Mark},
  title      = {Local-first {Software}: {You} {Own} {Your} {Data}, in {Spite} of the {Cloud}},
  booktitle  = {Proceedings of the 2019 {ACM} {SIGPLAN} {International} {Symposium} on {New} {Ideas}, {New} {Paradigms}, and {Reflections} on {Programming} and {Software}},
  year       = {2019},
  series     = {Onward! 2019},
  pages      = {154--178},
  address    = {New York, NY, USA},
  publisher  = {ACM},
  doi        = {10/ggdfm5},
  isbn       = {978-1-4503-6995-4},
  shorttitle = {Local-first {Software}},
  url        = {http://doi.acm.org/10.1145/3359591.3359737},
}

@InProceedings{knoth_resource-guided_2019,
  author    = {Knoth, Tristan and Wang, Di and Polikarpova, Nadia and Hoffmann, Jan},
  title     = {Resource-guided {Program} {Synthesis}},
  booktitle = {Proceedings of the 40\textsuperscript{th} {ACM} {SIGPLAN} {Conference} on {Programming} {Language} {Design} and {Implementation}},
  year      = {2019},
  series    = {{PLDI} 2019},
  pages     = {253--268},
  address   = {New York, NY, USA},
  publisher = {ACM},
  doi       = {10/ggb9gj},
  isbn      = {978-1-4503-6712-7},
  url       = {http://doi.acm.org/10.1145/3314221.3314602},
}

@InProceedings{liu_formal_2019,
  author    = {Liu, Junyi and Zhan, Bohua and Wang, Shuling and Ying, Shenggang and Liu, Tao and Li, Yangjia and Ying, Mingsheng and Zhan, Naijun},
  title     = {Formal {Verification} of {Quantum} {Algorithms} {Using} {Quantum} {Hoare} {Logic}},
  booktitle = {Computer {Aided} {Verification}},
  year      = {2019},
  editor    = {Dillig, Isil and Tasiran, Serdar},
  series    = {Lecture {Notes} in {Computer} {Science}},
  pages     = {187--207},
  address   = {Cham},
  publisher = {Springer International Publishing},
  doi       = {10/ggbmn5},
  isbn      = {978-3-030-25543-5},
}

@Misc{matuschak_quantum_2019,
  author = {Matuschak, Andy and Nielsen, Michael},
  title  = {Quantum computing for the very curious},
  year   = {2019},
  url    = {https://quantum.country/qcvc},
}

@Misc{matuschak_how_2019,
  author = {Matuschak, Andy and Nielsen, Michael A.},
  title  = {How {Quantum} {Teleportation} {Works}},
  year   = {2019},
  url    = {https://quantum.country/teleportation},
}

@Misc{matuschak2019,
  author  = {Matuschak, Andy and Nielsen, Michael A.},
  title   = {Quantum Computing for the Very Curious (and other essays)},
  year    = {2019},
  address = {San Francisco},
  url     = {https://quantum.country},
}

@InProceedings{DBLP:conf/bx/MayerC19,
  author    = {Mayer, Mikael and Chugh, Ravi},
  title     = {A {Bidirectional} {Krivine} {Evaluator}},
  booktitle = {Proceedings of the 8\textsuperscript{th} international workshop on bidirectional transformations co-located with the philadelphia logic week, {Bx}@{PLW} 2019, philadelphia, {PA}, {USA}, june 4, 2019.},
  year      = {2019},
  pages     = {5},
  url       = {http://ceur-ws.org/Vol-2355/paper5.pdf},
}

@InProceedings{owens_building_2019,
  author    = {Owens, Scott},
  title     = {Building {Trustworthy} {Software} with {CakeML}},
  booktitle = {Proceedings of the 21\textsuperscript{st} {Workshop} on {Formal} {Techniques} for {Java}-like {Programs}},
  year      = {2019},
  series    = {{FTfJP} '19},
  pages     = {2:1--2:1},
  address   = {New York, NY, USA},
  publisher = {ACM},
  doi       = {10/gf82h8},
  isbn      = {978-1-4503-6864-3},
  url       = {http://doi.acm.org/10.1145/3340672.3341114},
}

@InProceedings{peyton_jones_unraveling_2019,
  author     = {Peyton Jones, Michael and Gkoumas, Vasilis and Kireev, Roman and MacKenzie, Kenneth and Nester, Chad and Wadler, Philip},
  title      = {Unraveling {Recursion}: {Compiling} an {IR} with {Recursion} to {System} {F}},
  booktitle  = {Mathematics of {Program} {Construction}},
  year       = {2019},
  editor     = {Hutton, Graham},
  series     = {Lecture {Notes} in {Computer} {Science}},
  pages      = {414--443},
  address    = {Cham},
  publisher  = {Springer International Publishing},
  doi        = {10/ggbr2w},
  isbn       = {978-3-030-33636-3},
  shorttitle = {Unraveling {Recursion}},
}

@Comment{jabref-meta: databaseType:bibtex;}

@Comment{jabref-meta: protectedFlag:true;}

@Comment{jabref-meta: saveActions:enabled;
date[normalize_date]
pages[normalize_page_numbers]
month[normalize_month]
all-text-fields[identity,html_to_latex,unicode_to_latex,ordinals_to_superscript]
;}

@Comment{jabref-meta: saveOrderConfig:specified;year;false;month;false;author;false;}
