@inproceedings{DBLP:conf/oopsla/HuangM18,
	author    = {Yipeng Huang and
	Margaret Martonosi},
	title     = {{QDB:} From Quantum Algorithms Towards Correct Quantum Programs},
	booktitle = {9th Workshop on Evaluation and Usability of Programming Languages
	and Tools, PLATEAU@SPLASH 2018, November 5, 2018, Boston, Massachusetts,
	{USA}},
	pages     = {4:1--4:14},
	year      = {2018},
	url       = {https://doi.org/10.4230/OASIcs.PLATEAU.2018.4},
	doi       = {10.4230/OASIcs.PLATEAU.2018.4},
	timestamp = {Thu, 16 May 2019 17:58:01 +0200},
	biburl    = {https://dblp.org/rec/bib/conf/oopsla/HuangM18},
	bibsource = {dblp computer science bibliography, https://dblp.org}
}

@inproceedings{Huang:2019:SAV:3307650.3322213,
	author = {Huang, Yipeng and Martonosi, Margaret},
	title = {Statistical Assertions for Validating Patterns and Finding Bugs in Quantum Programs},
	booktitle = {Proceedings of the 46th International Symposium on Computer Architecture},
	series = {ISCA '19},
	year = {2019},
	isbn = {978-1-4503-6669-4},
	location = {Phoenix, Arizona},
	pages = {541--553},
	numpages = {13},
	url = {http://doi.acm.org/10.1145/3307650.3322213},
	doi = {10.1145/3307650.3322213},
	acmid = {3322213},
	publisher = {ACM},
	address = {New York, NY, USA},
	keywords = {assertions, chi-square test, correctness, debugging, program patterns, quantum computing, validation},
} 

@article{nanevski_morrisett_birkedal_2008,
	title={Hoare type theory, polymorphism and separation},
	volume={18},
	DOI={10.1017/S0956796808006953},
	number={5-6},
	journal={Journal of Functional Programming},
	publisher={Cambridge University Press},
	author={Nanevski, Aleksandar and Morrisett, Greg and Birkedal, Lars},
	year={2008},
	pages={865â€“911}}

@phdthesis{paykin18,
	author = {Paykin, Jennifer},
	OPTadvisor = {Zdancewic, Steve},
	title = {Linear/non-Linear Types for Embedded Domain-Specific Languages},
	school = {University of Pennsylvania},
	year = {2018},
	note = {Publicly Accessible Penn Dissertations. 2752},
	address = {Philadelphia, PA, USA},
	url = {https://repository.upenn.edu/edissertations/2752},
}

@phdthesis{rand18,
	author = {Rand, Robert},
	OPTadvisor = {Zdancewic, Steve},
	title = {Formally Verified Quantum Programming},
	school = {University of Pennsylvania},
	year = {2018},
	note = {Publicly Accessible Penn Dissertations. 3175},
	address = {Philadelphia, PA, USA},
	url = {https://repository.upenn.edu/edissertations/3175},
}

@phdthesis{2015arXiv151002198R,
	author = {{Ross}, Neil J.},
	title = "{Algebraic and Logical Methods in Quantum Computation}",
	school = {Dalhousie University},
	journal = {arXiv e-prints},
	keywords = {Quantum Physics},
	year = {2015},
	month = {Oct},
	eid = {arXiv:1510.02198},
	pages = {arXiv:1510.02198},
	archivePrefix = {arXiv},
	eprint = {1510.02198},
	primaryClass = {quant-ph},
	adsurl = {https://ui.adsabs.harvard.edu/abs/2015arXiv151002198R},
	adsnote = {Provided by the SAO/NASA Astrophysics Data System}
}